1487 2625
253 211 323 248 130
471 195 1136 236 COMMENTATlo

302 308 399 346 Cum
425 314 578 354 propter
607 305 802 354 majorem,
824 316 896 352 qua
919 305 1051 352 gaudet
1076 303 1358 354 Hydrogenium

251 378 533 425 sulphuratum,
566 374 835 414 sensibilitatem
876 384 911 413 et
944 386 1085 414 errores
1104 404 1116 423 ,
1145 387 1237 424 quas
1266 387 1356 423 pro-

246 447 350 486 ducit
380 445 595 494 pauciores,
637 454 714 482 tum
752 454 905 493 propter
939 445 1115 483 minorem
1152 445 1356 494 principio-

244 528 324 554 rum
362 513 619 565 organicorum
651 515 917 563 separationem
955 515 1208 553 simultaneam
1243 525 1279 553 et
1303 516 1358 554 fa·

241 585 404 623 ciliorem
435 585 593 632 liquoris
633 596 699 634 per
726 585 886 622 chartam
926 592 1222 633 transgressum,
1251 585 1355 624 acido

239 655 373 693 nitrico
407 655 598 703 adhibito,
638 655 854 692 methodum
893 654 989 692 illam
1032 665 1113 692 esse
1146 653 1355 703 praeferen-

238 726 318 764 dam
353 725 506 763 omnino
549 725 639 763 mihi
686 725 858 772 videtur,
910 724 1090 772 imprimis
1126 725 1233 763 etiam
1268 735 1353 763 cum

237 795 469 833 ventriculus
505 803 540 832 et
573 806 668 843 quae
698 795 893 841 continet,
946 795 1140 844 separatim
1175 795 1242 834 hac
1280 806 1357 834 me-

239 864 359 901 thodo
403 872 621 903 tractentur.
674 865 810 914 Quoad
848 865 980 913 agendi
1017 865 1196 904 rationem
1235 875 1352 914 vero,

238 946 310 981 qua
335 933 454 972 utitur
479 934 609 972 Rolo
626 933 674 972 ff
696 934 734 971 in
767 934 971 982 indagando
998 944 1142 972 veneno
1169 934 1208 972 in
1231 934 1352 984 ipsius

235 1005 430 1042 ventriculi
455 1004 644 1051 examine,
675 1005 899 1042 monendum
932 1012 1015 1052 est,
1043 1004 1247 1042 secundum
1272 1016 1349 1043 eam

235 1074 401 1112 adhiberi
426 1075 646 1121 Potassam‚
674 1075 855 1112 mixturae
887 1073 1080 1112 ebullienti
1104 1074 1353 1122 miscendam,

234 1155 329 1191 quae
364 1153 483 1181 autem
518 1143 670 1181 Potassa
706 1144 888 1191 liquorem
920 1144 1095 1192 producit
1124 1145 1287 1192 spissum
1315 1152 1353 1182 et

234 1212 373 1250 filtratu
396 1213 665 1250 difficillimum.
698 1213 880 1263 Quamvis
903 1213 998 1251 enim
1027 1214 1065 1251 in
1091 1225 1348 1262 carne,quam

237 1294 310 1331 ope
335 1286 356 1333 ᾗ
379 1285 484 1333 grani
499 1283 702 1331 deutoxydi
728 1284 896 1322 Arsenici
923 1295 1185 1323 venenaveram
1202 1312 1215 1332 ,
1239 1295 1348 1323 vene·

233 1364 322 1390 num
359 1352 514 1391 omnino
550 1353 719 1401 detegere
754 1353 967 1401 potuerim,
995 1354 1197 1392 addendum
1226 1362 1347 1393 tamen

232 1432 318 1470 est,
344 1423 526 1470 liquorem
565 1433 641 1460 non
673 1423 744 1460 nisi
780 1432 867 1471 post
900 1431 973 1461 tres
1003 1423 1080 1461 dies
1104 1425 1250 1472 elapsos
1283 1435 1350 1473 per

230 1494 390 1530 chartam
414 1491 532 1530 fuisse
567 1493 848 1539 transmissum,
870 1502 982 1541 atque
1013 1493 1058 1531 ab
1085 1494 1249 1532 admixto
1274 1495 1348 1532 aci-

228 1562 277 1598 do
312 1563 446 1599 niti-ico
482 1562 660 1610 liquorem
688 1576 745 1601 me
774 1564 1043 1612 acquisivisse,
1087 1565 1210 1612 quoad
1243 1567 1346 1603 colo-

227 1643 300 1668 rem
320 1660 333 1677 ,
360 1632 590 1678 Sulphureto
617 1634 814 1681 Arsenici,
843 1634 989 1681 liquore
1021 1646 1206 1683 suspenso
1223 1663 1235 1680 ‚
1264 1646 1342 1672 om-

225 1702 314 1739 nino
350 1703 521 1739 similem.
1102 1697 1105 1700 ’

709 1847 741 1892 §-
802 1858 858 1893 19.

258 1987 540 2039 Methodus
582 1987 814 2025 Berzelii
853 1995 888 2024 et
929 1982 1292 2023 Christisoni.

274 2136 326 2178 3⁰.
356 2134 473 2170 Aliam
502 2133 716 2171 methodum
745 2132 951 2169 Berzeli
969 2145 989 2170 u
1007 2144 1022 2168 s
1059 2130 1131 2168 suit
1162 2138 1330 2169 secutus.

217 2200 441 2247 Coquantur
466 2203 695 2241 ventriculus
722 2205 877 2252 ejusque
901 2210 1072 2239 contenta
1088 2231 1100 2248 ‚
1128 2213 1210 2239 cum
1234 2212 1328 2249 aqua

214 2279 252 2305 ct
293 2270 434 2317 aliquot
476 2272 656 2310 drachmis
700 2274 872 2310 Potassae
915 2271 1108 2310 causticae.
1180 2270 1327 2317 Liquor

1221 2339 1321 2376 dein-
