1487 2625
455 194 863 234 CHEM1cffi
1172 207 1223 249 η

112 311 304 350 mentum,
341 301 550 341 animalium
579 302 679 341 coria
705 306 748 342 ea
787 305 930 342 ratione
969 315 989 342 a
1026 304 1222 354 putredine

111 382 230 421 posse
264 373 493 411 conservari.

158 440 203 479 In
233 442 390 487 quanam
418 452 456 478 re
477 450 599 479 autem
623 442 669 480 sit
696 441 818 490 posita
843 442 901 481 vis
929 443 1107 481 Creosoti
1129 454 1221 482 con-

105 510 316 557 servativa,
356 510 480 559 quoad
514 521 686 559 carnes‚‘
706 523 726 549 e
771 513 1013 560 sequentibus
1061 512 1218 562 patebit.

107 578 170 617 Ne
198 579 345 627 quidem
370 579 490 617 carnis
506 579 636 618 fibrina
651 580 798 619 videtur
820 593 1008 630 propensa
1033 583 1078 622 ad
1096 591 1223 631 puere-

106 649 252 697 dinem3
267 649 492 688 Creosotum
504 659 624 689 autern
637 650 778 689 reducit
801 651 977 690 albumen
989 660 1027 691 et
1049 652 1220 702 pigmen-

105 726 185 756 tum
213 717 252 757 in
285 729 362 757 eam
401 719 549 758 duritiei
580 720 859 769 conditionem,
887 723 963 770 qua
985 733 1062 761 non
1087 722 1126 761 in
1147 734 1219 772 pu-

103 788 281 827 tredinem
320 788 419 827 abire
450 790 586 828 solent.
641 790 784 829 Carnes
819 791 932 840 igitur
959 793 1217 831 tantummodo

107 858 298 907 paulisper
327 857 572 898 exsiccantur.

153 929 214 968 Ex
251 928 475 968 Miilleri
513 929 719 978 sententia,
768 942 877 978 aqua·
897 931 1074 970 Creosoti
1108 931 1214 970 etiam

103 999 271 1039 adhiberi
308 1008 435 1049 potest
465 1001 514 1038 ad
541 1001 794 1039 conservanda
827 1009 1040 1050 praeparata
1088 1009 1233 1039 anato-·

101 1069 196 1108 mica
212 1068 296 1118 (1).

150 1140 266 1190 Quod
301 1151 427 1178 verum
452 1150 534 1177 esse
554 1139 637 1188 ipse
660 1148 835 1187 expertus
866 1151 964 1178 sum.
990 1139 1086 1178 Avis
1116 1141 1212 1178 enim

99 1209 275 1250 intestina
298 1209 336 1247 in
359 1220 458 1257 aqua
482 1209 658 1249 Creosoti
691 1208 898 1258 suspendi,
942 1220 1028 1247 vase
1061 1210 1180 1247 vitreo
1196 1237 1211 1256 ‚

101 1290 175 1329 ope
208 1290 313 1318 cerae
335 1264 558 1328 Hispanicae
595 1280 740 1318 clauso.
808 1278 959 1327 Elapsis
991 1291 1037 1318 ια
1064 1279 1212 1317 hebdo-

101 1339 269 1388 madibus
300 1376 314 1395 ‚
367 1347 540 1386 intestina
588 1349 692 1387 nulla
746 1348 940 1396 putredine
990 1348 1120 1388 affecta
1171 1350 1210 1388 in

100 1419 217 1467 veni,
249 1430 344 1467 aqua
371 1418 546 1458 Creosoti
575 1426 695 1456 autem
735 1419 1008 1465 quodammodo
1044 1429 1121 1458 erat
1145 1431 1210 1458 co-

97 1492 227 1530 lorata.
1149 1480 1156 1541 J

122 1560 266 1608 *Nervi
295 1561 561 1598 nonnullorum
594 1558 803 1598 animalium
842 1558 881 1596 in
916 1570 1011 1607 aqua
1044 1559 1208 1598 Creoso-

95 1631 123 1669 ti
154 1629 344 1668 immutata
371 1629 594 1676 manebant,
621 1629 747 1667 colore
769 1627 941 1667 nonnihil
965 1628 1106 1666 leviore
1131 1629 1207 1667 fac·

95 1710 150 1739 to.
216 1699 318 1748 Quin
350 1699 457 1737 etiam
501 1699 547 1737 ad
582 1699 833 1737 conservanda
860 1698 1007 1739 cerebra
1041 1710 1107 1754 per
1141 1699 1208 1740 ali-

99 1770 202 1819 quod
264 1777 411 1818 tempus
464 1768 632 1808 adhiberi
689 1776 816 1817 potest
867 1779 963 1816 aqua
1007 1767 1202 1810 Creosoti.

94 1838 273 1880 Cuniculi
300 1837 394 1875 enim
418 1838 565 1876 cerebra
583 1865 596 1886 ,
624 1850 691 1886 per
715 1851 758 1888 14
786 1839 865 1877 dies
898 1840 936 1878 in
957 1850 1051 1886 aqua
1083 1840 1203 1878 Creo-

83 1893 171 1955 .',soti
204 1920 357 1958 prorsus
400 1907 589 1946 immutata
628 1907 844 1956 manebant,
899 1908 1030 1948 deinde
1054 1917 1200 1955 autem,

1123 1989 1200 2016 non

133 2122 182 2162 (ι)
208 2120 285 2150 Vid.
307 2119 341 2149 M
358 2122 376 2150 ii
391 2119 402 2148 l
417 2119 427 2147 l
442 2128 486 2148 er
501 2138 512 2156 ,
547 2118 675 2149 Archiv
693 2117 763 2159 stit
787 2117 985 2154 Anatomie,
1010 2117 1199 2157 Physiolo-

90 2176 168 2215 gien
216 2172 488 2213 lVissenselzaftl.
530 2171 684 2202 Medicin.
723 2170 842 2210 Jahrg.
880 2169 973 2202 1834-
1007 2170 1049 2200 L*
1068 2170 1129 2203 N‘.
1164 2172 1195 2206 4,

98 2227 132 2256 S.
164 2225 213 2266 95.
985 2230 987 2233 “
