1487 2625
191 214 239 250 24
411 200 1075 242 COMMENTArto

189 309 470 357 retrahebatur,
498 321 581 348 cum
609 311 722 358 pulsu
749 321 888 358 parm,
917 318 1110 348 contracto
1136 318 1172 348 et
1194 308 1306 348 inter-

192 380 384 428 mittente,
435 380 574 428 quibus
621 380 793 428 deinceps
846 379 1154 428 superveniebant
1194 379 1306 418 facies

191 449 474 498 decomposita,
515 449 669 487 sudores
713 449 842 497 frigidi
883 450 988 488 faciei
1025 460 1062 488 et
1100 450 1310 489 extremita-

190 528 302 566 tum,
341 531 423 557 cum
462 521 573 566 pulsu
609 519 766 567 digitum
805 520 982 566 fugiente.
1041 521 1142 558 Hora
1180 520 1310 569 quinta

191 591 399 637 vespertina
421 599 541 628 morte
564 591 765 628 miserrima
791 601 930 638 poenas
955 590 1026 628 luit
1052 589 1140 640 (1).

243 659 343 697 Haec
392 658 546 697 historia
562 686 576 706 ,
631 659 755 707 quoad
803 669 1081 708 symptomata,
1119 659 1308 708 prioribus

193 726 251 778 (5.
267 742 305 768 2.
331 742 371 777 p.
388 730 457 775 16)
485 728 562 767 fere
588 738 643 767 est
669 729 824 778 similis;
865 738 1024 768 attamen
1053 730 1109 767 uti
1135 729 1309 777 deinceps

191 798 333 846 patebit
361 799 479 848 signis
506 799 755 847 pathologicis
790 800 829 838 in
861 802 1034 839 cadavere
1056 800 1238 849 repertis,
1265 801 1312 838 ad

189 869 271 907 illas
295 870 437 908 accedit
452 899 464 917 ,
494 881 586 917 quas
612 869 679 908 hac
703 873 742 919 §.
766 871 1068 908 memoravimus.

244 940 308 979 CI.
337 939 599 978 Chaussier
626 940 850 988 singularem
877 939 991 978 refert
1012 940 1312 979 observationem

192 1010 289 1057 viri,
313 1010 452 1048 mediae
467 1011 618 1057 aetatis,
633 1022 791 1058 corpore
812 1010 970 1048 robusto
986 1010 1197 1058 instructo,
1223 1010 1312 1058 qui,

191 1091 277 1118 cum
308 1091 475 1129 magnam
507 1080 678 1118 Arsenici
706 1081 953 1118 frustuIOrum
981 1081 1127 1129 copiam
1155 1081 1312 1119 adhibu-

193 1150 308 1196 isset,
330 1149 408 1188 fato
428 1161 498 1187 suo
520 1149 763 1199 fungebatur,
791 1152 896 1188 nullo
923 1151 1140 1197 accedente,
1169 1160 1312 1198 praeter

192 1219 370 1257 leviorem
400 1206 622 1268 syncopen,
652 1221 762 1268 signo
791 1220 876 1269 (2).

246 1288 312 1325 La
335 1287 484 1326 Borde
510 1288 699 1327 historiam
725 1290 921 1338 descripsit
948 1292 1090 1338 puellae
1111 1302 1158 1338 27
1183 1292 1310 1329 aetatis

196 1369 331 1396 annum
371 1370 537 1396 emensae
555 1388 567 1407 ,
608 1371 702 1407 quae
742 1372 807 1407 per
852 1371 1016 1409 magnam
1055 1361 1126 1398 diei
1169 1370 1309 1409 partem

193 1429 233 1466 in
266 1429 464 1477 ingerendo
501 1430 685 1467 Arsenico
712 1440 893 1478 occupata
919 1429 1063 1479 fuerat3
1092 1431 1313 1480 insequente

193 1499 300 1537 faciei
327 1498 482 1546 habitu,
522 1499 587 1547 qui
622 1499 809 1538 tristitiam
835 1511 870 1538 et
897 1501 1124 1540 morositatis
1148 1502 1308 1551 speciem

195 1581 282 1617 prae
297 1581 338 1606 se
359 1568 513 1607 ferebat.
543 1570 775 1608 Deficiebant
799 1571 940 1608 doloris
966 1572 1120 1619 vestigia
1135 1600 1148 1618 ,
1176 1574 1310 1620 pulsus

193 1648 268 1677 erat
293 1639 484 1686 aequalis,
509 1639 607 1677 haud
631 1649 871 1687 contractus,
898 1652 1034 1678 nausea
1060 1642 1160 1680 nulla
1189 1653 1312 1691 neque

193 1709 356 1748 faucium
388 1707 597 1746 affectionis
630 1710 927 1748 inflammatoriae
961 1720 1024 1748 aut
1055 1713 1313 1759 spasmodicae

192 1779 376 1828 suspicio.
431 1780 529 1818 Potu
560 1779 707 1828 ingesto
734 1781 921 1819 vomebat.
986 1782 1113 1820 Facies
1151 1784 1311 1821 anxieta-

193 1860 267 1888 tem
308 1850 519 1896 indicabat,
570 1852 635 1888 sed
672 1851 716 1888 de
756 1852 861 1888 nuno
902 1852 1125 1898 querebatur
1161 1853 1306 1891 dolore.

193 1920 448 1959 Somnolentia
482 1921 617 1969 insigni
650 1921 877 1960 afficiebatur
909 1933 944 1959 et
971 1934 1098 1971 magna
1125 1935 1192 1971 per
1217 1935 1307 1972 qua-

192 2001 279 2029 tuor
304 1993 413 2029 hoi·as
444 2000 520 2029 erat
545 1992 624 2040 eJ‘us
653 1993 923 2041 tranquillitas,
950 1995 1143 2032 accedente
1171 1993 1310 2032 leviore

192 2063 320 2101 dolore
346 2070 383 2100 et
408 2062 550 2111 placida
577 2073 696 2100 morte
723 2064 806 2113 (3).

1231 2135 1310 2174 Ne-

232 2197 286 2234 (ι)
310 2194 450 2224 Orfila
473 2195 495 2225 l.
518 2206 546 2225 c.
568 2206 603 2233 p.
626 2196 693 2237 587.
719 2207 784 2237 seq.

235 2249 283 2286 (π)
312 2248 398 2277 ibid.
424 2259 456 2286 p.
481 2249 552 2289 597.
579 2259 645 2288 seq.

236 2302 282 2341 (3)
310 2301 394 2332 ibid.
416 2312 447 2340 p.
470 2301 539 2333 384.
564 2314 629 2343 seq.

1479 2227 1487 2250 Α.
1462 1423 1487 2207 ,τὴᾇέῴςἊ-ἶξξΞ-ωα-ΜΜῌ»
1478 1382 1483 1409 Q,
1479 1358 1487 1363 Σ
1478 1324 1482 1346 ,.
