1487 2625
462 162 924 221 cuuiurca.¹
1186 180 1230 216 39

114 273 285 320 ganesii‚
335 272 445 320 oxydi
483 272 654 318 Niccoli.,
696 274 895 322 protoxydi
934 273 1046 319 ferri,
1091 275 1226 313 nullam

110 342 246 381 habent
267 341 487 380 reactionem
514 343 551 379 in
572 354 701 390 aquam
729 343 916 382 Creosoti.

159 411 318 460 Sulphas
343 411 546 459 deutoxydi
572 411 660 450 ferri
691 413 831 450 rubro·
848 413 1056 451 brunneum
1081 396 1221 461 praeci-

109 489 235 529 patum
267 480 461 528 producit,
489 482 595 529 cujus
623 481 822 529 praecipati
850 493 921 519 una
944 493 1028 530 pars
1057 482 1094 519 in
1119 482 1220 527 alco-

111 550 197 588 hole
220 551 405 598 solvitur,
444 558 480 588 et
507 551 654 598 quidem
679 551 792 589 rubro
809 571 824 580 ·
840 551 1053 589 flavescenti
1094 553 1221 589 colore

110 620 269 670 induta3
305 633 389 670 pars
423 622 532 660 altera
570 631 611 659 ut
662 621 787 669 pulvis
819 621 1008 661 albescens
1047 630 1222 666 remanet.v

109 690 201 728 Erat
226 698 347 729 autem
373 692 431 729 hic
458 691 581 739 pulvis
611 691 762 738 sulphas
792 691 990 740 protoxydi
1013 690 1127 737 ferri,
1155 692 1219 730 cui

107 760 348 799 albescentem
374 762 537 799 colorem
564 760 741 798 tribuerat
755 760 916 798 alcohol.
970 760 1117 809 Reapse
1145 761 1217 798 hoc

107 831 158 870 ita
193 843 298 878 esse,
347 840 473 879 patet,
514 831 546 868 si
584 832 707 878 pulvis
743 831 804 868 ille
842 831 947 868 albus
981 830 1140 868 solvitur
1179 830 1218 866 in

108 900 214 939 acido
243 900 530 950 hydrochlorico
552 901 700 947 diluto,
740 889 776 938 et
809 899 847 936 in
878 901 969 937 hanc
997 900 1221 937 solutionem

110 970 279 1019 guttatim
304 971 467 1020 injicitur
485 979 724 1019 cyanuretum
750 969 906 1018 potassii
929 980 963 1007 et
985 969 1100 1015 ferri,
1117 970 1220 1016 quod

109 1048 188 1077 turn
225 1039 346 1078 oritur
374 1040 653 1088 praecipitatum
679 1041 869 1088 cyanureti
895 1039 999 1077 ferri.
1034 1061 1085 1069 -—
1114 1041 1224 1077 Solu«

109 1109 164 1146 tio
193 1109 394 1147 alcoholica
435 1110 578 1146 nullum
614 1108 750 1146 ferrum
794 1109 1037 1155 continebat,
1082 1111 1160 1156 sedv
1185 1110 1221 1146 in

109 1190 195 1217 vase
207 1180 324 1217 vitreo
339 1179 490 1228 reliquit
511 1179 752 1217 substantiam
770 1180 908 1217 vernici
933 1179 1088 1216 similem
1104 1179 1215 1225 ‚resi-

110 1259 239 1286 nosam
277 1249 560 1287 rubro-flavam
595 1259 630 1286 et
668 1250 800 1286 siccam
839 1258 1035 1295 postquam
1069 1248 1220 1291 liberata

110 1329 185 1357 erat
208 1320 252 1356 ab
277 1318 471 1365 alcohole,
500 1318 583 1356 inde
605 1327 745 1365 ortam,
776 1318 877 1364 quod
893 1319 1223 1374 Creosotumwpar-

112 1397 183 1427 tem
221 1389 393 1437 oxygenii
425 1388 607 1436 sulphatis
632 1389 836 1437 deutoxydi
860 1388 946 1426 ferri
971 1397 1181 1426 attraxerat.

147 1458 318 1506 -Sulphas
364 1458 797 1506 cupro-Ammoniacale
833 1460 870 1495 in
911 1470 1005 1506 aqua
1046 1457 1224 1495 Creosoti

107 1528 403 1576 praecipitatum.
434 1528 664 1577 producebat
709 1528 915 1566 brunneum
934 1556 946 1573 ,
1001 1528 1103 1574 quod
1150 1537 1225 1564 erat

110 1600 274 1647 oxydum
311 1599 431 1646 cupri.
691 1639 692 1642 Ἰ

157 1668 269 1716 Aqua
305 1669 479 1706 Creosoti
523 1669 559 1706 in
597 1668 850 1706 solutionibus
893 1652 1046 1714 aquosis
1084 1667 1222 1715 gummi

110 1737 285 1775 mimosae
316 1746 428 1785 atque
461 1739 599 1786 gummi
634 1739 748 1775 cerasi
777 1746 865 1785 post
890 1738 1033 1784 aliquot
1067 1736 1143 1774 dies
1172 1737 1223 1774 al-

108 1808 235 1845 bicans
263 1808 541 1856 praecipitatum
570 1809 797 1856 producebat
817 1808 931 1854 ‚dum
958 1807 1120 1853 liquores
1149 1817 1222 1842 ma-

109 1886 237 1915 nerent
264 1879 342 1916 sine
365 1878 549 1916 reactione
580 1880 619 1915 in
644 1876 810 1915 infusum
837 1875 1075 1923 heliotropii3
1121 1876 1222 1921 quod

105 1947 233 1994 itaque
266 1947 401 1995 probat
445 1947 676 1984 solutionum
719 1944 1035 1982 fermentationem
1081 1935 1222 1980 adfui&

109 2029 149 2055 se
174 2017 327 2056 nullam.
1120 2011 1122 2014 ”

157 2086 200 2124 In
235 2085 492 2140 mucilaginem
533 2083 683 2122 seminis
711 2083 955 2132 cydoniorum
983 2093 1076 2129 aqua
1106 2082 1223 2119 Creo·

113 2156 187 2193 soti
224 2156 360 2193 nullam
384 2166 538 2203 prorsus
564 2155 672 2191 habet
702 2153 937 2191 reactionem.

162 2226 272 2273 Aqua
310 2224 508 2271 Creosoti‚
548 2223 916 2285 albuminbadmixta
934 2249 947 2268 ‚
977 2222 1067 2258 banc
1095 2231 1228 2280 eoaguq

1151 2292 1198 2334 RH
1214 2318 1227 2335 7
