1487 2625
479 185 825 228 menica,
1141 200 1210 236 105

110 301 149 339 in
178 310 291 348 aquae
315 298 493 348 partibus
508 311 582 337 200
597 311 697 346 ‚000
718 297 936 344 solvebam,
963 307 1039 334 non
1053 297 1212 345 amplius

113 368 310 417 apparebat
357 368 463 406 color
508 366 625 406 flavus
641 395 654 414 ‚
708 378 927 415 quamquam
967 366 1026 403 ille
1051 366 1214 405 ‘minime

109 437 301 476 deficiebat
317 465 330 484 ,
356 437 594 485 si.100‚000
623 445 764 474 tantum
787 447 901 483 aquae
932 436 1098 484 partibus
1122 448 1212 475 usus

110 506 288 554 fuissem,
327 518 398 555 qua
436 507 561 555 itaque
587 506 762 545 relatione
793 505 996 544 reactionis
1033 508 1212 545 terminus

114 578 229 615 statui
255 576 387 615 debere
411 577 501 615 mihi
527 578 687 617 videtur.

167 647 398 686 Monendum
426 656 544 685 tamen
569 655 625 685 est
642 647 761 694 ,sales
774 647 867 685 acidi
879 646 1087 694 muriatici‚
1104 648 1220 696 phos-

111 715 285 764 phorici,
312 717 517 765 sulphurici
545 717 698 754 eundem
728 715 801 754 fere
837 727 902 764 per
939 727 1089 764 reagens
1128 727 1218 754 nos-

114 795 211 824 trum
239 788 440 835 producere
466 785 663 834 effectum,
690 786 859 834 quamvis
895 787 1059 834 murias,
1101 786 1219 835 phos-

114 856 205 904 phas
233 865 268 894 et
303 858 456 904 sulphas
482 857 663 905 Argenti,
692 868 785 904 quae
811 857 1007 905 oriuntur,
1044 867 1151 894 secus
1177 868 1218 894 ac

114 926 265 965 arseniis
289 927 444 975 Argenti
466 926 633 965 in-acido
660 926 799 964 acetico
826 937 903 964 non
925 927 1119 964 solvantur
1132 925 1218 975 (1).

107 994 252 1034 Verum
279 996 317 1034 in
341 997 493 1035 muriate
516 1005 552 1034 et
573 997 783 1044 phosphate
806 996 926 1034 Sodae
950 996 1097 1034 minime
1119 1006 1222 1043 prae-

112 1067 304 1115 cipitatum
340 1067 500 1113 flavum,
560 1066 713 1103 omnino
748 1073 869 1103 autem
908 1065 1030 1103 album
1065 1065 1223 1102 excitare

112 1136 237 1185 potui.
272 1136 444 1185 *Eodem
481 1144 600 1184 tamen
626 1135 1001 1184 experimento-cum
1052 1135 1224 1183 sulphate

117 1207 239 1245 Sodae
254 1207 450 1253 instituto,
478 1206 597 1253 simile
623 1205 897 1255 producebatur
918 1217 959 1243 ac
983 1206 1019 1243 in
1035 1206 1225 1244 solutione

116 1276 307 1314 arsenicali
344 1275 620 1323 praecipitatum
638 1303 651 1323 ,
680 1275 718 1313 in
743 1276 848 1314 acido
884 1277 1022 1315 acetico
1046 1287 1123 1315 non
1163 1288 1226 1315 so·

118 1345 248 1389 lubile.
276 1346 471 1394 Quidquid
494 1345 568 1393 sit,
594 1346 795 1394 plurimum
823 1346 976 1385 interest
991 1355 1033 1384 ut
1062 1347 1100 1386 hi
1128 1348 1223 1386 sales

118 1416 164 1453 ab
197 1416 367 1454 arseniite
395 1416 551 1465 Argenti
579 1424 744 1454 accurate
766 1425 996 1465 separentur.

169 1486 303 1535 Itaque
324 1486 468 1533 liquore
493 1495 578 1523 ante
600 1494 764 1524 saturato
789 1486 945 1524 addatur·
968 1495 1117 1533 reagens
1139 1497 1228 1524 nos-

123 1565 247 1603 trum,
288 1556 411 1593 donec,
439 1567 516 1593 non
553 1556 711 1604 amplius
750 1556 936 1594 emittatur
974 1555 1128 1594 arseniis
1156 1557 1228 1594 Ar-

122 1626 236 1674 genti.
265 1625 544 1674 Praecipitatutn
559 1635 776 1674 separatur,
805 1638 919 1673 aquae
931 1627 1135 1665 destillatae
1155 1636 1228 1675 ope

123 1698 259 1734 eluitur
291 1704 402 1744 atque
433 1696 539 1734 acido
581 1695 720 1734 acetico
755 1695 929 1734 miscetur
967 1696 1228 1745 agitaturque‚

125 1778 198 1816 qua
223 1766 352 1815 agendi
379 1765 519 1803 ratione
543 1766 664 1804 solum
689 1765 840 1804 arseniis
863 1766 1017 1813 Argenti
1041 1766 1229 1815 solvitur,

124 1836 204 1874 aliis
243 1835 399 1883 Argenti
430 1835 597 1882 salibus,
626 1837 807 1883 muriam,
835 1836 1045 1885 phosphate
1082 1845 1119 1874 et
1152 1838 1231 1875 sul-

127 1906 242 1953 phate
280 1905 547 1953 superstitibus
582 1914 693 1952 atque
727 1906 771 1943 ab
799 1905 963 1943 arseniiti
990 1905 1148 1954 Argenti
1174 1917 1232 1944 se-

121 1974 274 2025 junctis.
327 1974 453 2025 Hujus
479 1975 619 2012 solutio
653 1975 752 2013 acida
780 1983 965 2013 saturatur
988 1987 1053 2024 per
1076 1979 1231 2015 Ammo·

124 2046 219 2084 niam
241 2073 254 2092 ,
283 2057 356 2093 qua
390 2045 555 2093 prodibit
582 2045 735 2083 arseniis
774 2045 957 2094 Argenti,
985 2047 1112 2084 colore
1147 2048 1233 2096 pul-

124 2115 306 2154 cherrimo
330 2114 513 2154 indutum.
569 2114 675 2153 Prius
703 2125 824 2153 tamen
855 2126 964 2164 quam
995 2115 1231 2156 instituamus

1170 2200 1233 2227 ΕΧ·

167 2273 215 2313 (ι)
240 2260 496 2306 sartorius
519 2276 581 2308 und
604 2276 895 2317 Monnlmim,
919 2278 942 2308 Ι.
964 2278 1117 2319 c.p.55.
