1487 2625
261 182 333 219 106
479 175 1140 218 COMMENTAT10

256 288 545 338 experimentum
571 286 983 332 delineatum,necesse
1010 293 1095 332 est,
1126 293 1167 323 ut
1196 295 1280 333 pars
1315 285 1360 322 li-

259 359 388 408 quotis
410 368 476 407 per
504 356 645 393 acidum
672 356 848 393 aceticum
872 355 1099 402 exploretur.
1154 355 1240 393 Hoc
1266 355 1361 393 enim

257 429 448 474 immisso,
477 426 510 465 si
531 424 806 463 effervescentia
829 426 968 463 oriatur
983 454 997 473 ‚
1024 426 1167 464 acidum
1193 426 1364 464 carboni-

255 509 338 536 cum
363 496 579 535 ebullitione
605 496 858 544 expellendum
885 505 941 535 est
960 522 972 541 ‚
996 505 1043 533 ne
1065 494 1171 533 fimul
1199 507 1282 534 cum
1306 507 1362 534 ar—

254 567 386 604 seniite
408 566 548 604 oriatur
570 565 762 605 Carbonas
785 565 941 614 Argenti
964 564 1088 603 itidem
1110 565 1149 603 in
1160 564 1264 604 acido
1284 577 1364 603 ace·

252 636 327 674 tico
358 636 520 674 solubile
559 645 671 683 atque
699 635 791 674 hanc
831 635 880 673 ob
922 645 1067 673 causam
1091 634 1259 684 analysin
1285 643 1362 672 tur·

252 707 360 744 bans.
413 706 575 754 Expedit
600 705 753 753 insuper
771 732 784 752 ,
811 713 853 743 ut
874 704 1154 753 parcagliquoris
1176 705 1360 753 quantitas

251 775 405 823 Barytae
439 787 512 824 ope
544 776 784 823 exploretur,
837 783 878 812 ut
918 780 1039 823 pateat
1081 785 1167 812 num
1204 774 1358 822 sulphas

251 846 435 893 quoddam
467 845 578 883 fuerit
614 846 793 883 solutum.
858 844 1007 895 Quodsi
1036 844 1196 891 accidit,
1235 844 1356 891 liquo·

248 926 325 954 rem
348 925 433 954 ante
456 916 601 953 nitratis
619 914 773 963 Argenti
783 914 1005 952 additionem
1029 925 1226 962 evaporare
1245 925 1359 962 opor-

247 994 322 1033 tet,
339 997 424 1024 curn
449 985 602 1033 sulphas
628 984 783 1033 Argenti
809 984 847 1022 in
875 987 922 1031 87
948 995 1064 1032 aquae
1086 984 1257 1033 partibus
1283 985 1359 1022 sol·

248 1055 287 1094 vi
313 1064 443 1093 notum
464 1055 527 1092 sit.

300 1143 406 1181 Hanc
433 1142 645 1180 methodum
663 1168 675 1188 ‚
690 1151 798 1189 quam
827 1139 1079 1178 indicaverunt
1101 1140 1358 1179 Sar-torius

248 1225 283 1252 et
311 1211 599 1251 Monnheim
626 1209 722 1259 (ι),
750 1221 865 1258 quum
889 1209 1071 1247 solutioni
1102 1209 1287 1248 arsenicali
1313 1212 1358 1249 de

249 1282 428 1322 industria
459 1281 667 1319 solutiones
705 1279 839 1318 salinas
865 1290 977 1326 supra
1013 1287 1232 1317 memoratas
1261 1280 1360 1317 addi·

245 1353 364 1392 cleram
383 1380 397 1400 ,
431 1352 476 1389 ab
517 1351 619 1389 omni
646 1359 748 1400 parte
775 1349 850 1388 vidi
877 1348 1154 1395 confirmatam,
1183 1348 1358 1397 illamque

244 1434 330 1471 prae
378 1422 439 1460 illa
482 1433 565 1459 esse
611 1419 881 1470 praeferendam
919 1431 939 1456 a
972 1418 1201 1456 Marceto
1235 1419 1359 1457 lauda-

243 1502 314 1530 tam
350 1492 448 1543 (α),
489 1491 578 1529 mihi
618 1490 767 1538 quidem
806 1490 926 1527 visum
954 1487 1041 1526 fuit.
1096 1488 1255 1526 Similem
1281 1487 1359 1526 fere

241 1563 373 1611 agendi
401 1561 578 1604 rationem
618 1561 663 1599 ad
700 1560 941 1608 separandum
980 1559 1033 1596 sal
1061 1558 1222 1596 culinare
1257 1569 1358 1595 com-

244 1632 430 1671 mendavit
448 1629 662 1670 Patrick
688 1630 753 1668 Fo
769 1629 879 1666 rbes
912 1627 1117 1676 (3),aliam
1134 1628 1249 1665 Doct.
1277 1629 1303 1666 P
1319 1640 1356 1666 a-

244 1701 317 1740 ris
344 1702 377 1739 si
410 1698 600 1749 phosphas
625 1699 810 1748 quoddam
837 1697 933 1736 adsit
958 1697 1040 1745 (4).

293 1772 431 1809 Verum
470 1778 612 1819 praeter
648 1780 744 1816 quos
771 1768 1065 1806 enumeravimus
1092 1769 1213 1815 sales,
1240 1767 1349 1806 etiam

1295 1848 1354 1875 ac·

281 1935 333 1972 (ι)
356 1932 379 1962 1.
401 1942 429 1962 c.
451 1941 483 1969 p.
505 1931 555 1970 49.
582 1941 651 1970 seq.

281 1987 330 2026 (2)
353 1986 483 2016 Medico
520 1984 666 2024 chirurg.
706 1985 882 2014 Transace.
918 1984 960 2025 os
999 1982 1105 2012 Lond.
1136 1978 1214 2010 Vol.
1237 1977 1299 2009 VI·
1321 1989 1354 2018 p.

239 2040 311 2072 665.
336 2037 439 2080 (third
461 2037 556 2077 edit.)

280 2093 329 2134 (3)
352 2092 473 2123 Edinb.
501 2092 615 2122 medic.
647 2091 715 2120 and
745 2091 868 2130 surgis.
905 2090 1026 2119 Jourtz.
1070 2087 1120 2118 32.
1153 2086 1229 2116 Oct.
1262 2085 1356 2115 1850.

240 2145 293 2176 Cf.
315 2144 624 2179 Christison‚
649 2143 672 2173 l.
705 2153 734 2172 c.
766 2153 801 2181 p.
834 2142 904 2182 267.
940 2146 972 2170 et
1005 2138 1265 2176 Huselanch
1291 2139 1356 2169 Bi-

236 2199 332 2230 bliot.
355 2199 444 2228 1830.
466 2197 525 2227 Bd.
548 2195 677 2227 LXIV.
699 2206 731 2234 p.
754 2196 826 2225 410.

277 2253 331 2289 (4)
353 2252 404 2282 Cf.
426 2250 661 2288 Richter,
685 2249 706 2279 Ι.
730 2260 758 2279 c.
780 2248 893 2289 p·697.

1474 1711 1487 1811 -.·-::::.
1477 1595 1487 1702 Ε-ν-
1479 1568 1482 1579 -
1480 1546 1482 1552 <
