1487 2625
482 192 895 234 cHEM10A.
1191 215 1238 251 47

131 296 286 343 potassii
310 297 348 335 in
364 298 589 339 Creosotum
607 329 618 348 ,
644 302 829 341 habendae
849 314 938 343 sunt
963 315 1144 355 tamquam
1171 310 1239 360 hy-

125 364 357 414 drogenium.
412 368 534 418 Cujus
558 381 813 418 argumentum
838 374 944 414 etiam
971 377 1009 414 in
1040 389 1084 416 eo
1127 379 1236 418 habe-

120 445 209 484 tur,
236 437 339 484 quod
378 437 753 480 Reichenbach
801 455 991 494 nunquam
1015 449 1235 495 adquisisse·

119 505 169 543 rit
195 505 422 545 Creosotum
439 536 452 555 ,
479 508 524 546 ab
558 522 654 557 aqua
692 524 848 560 prorsus
875 515 1034 554 liberum
1057 517 1144 568 (1).

175 575 329 615 Sodium
358 576 433 615 fere
462 580 621 618 eamdem
657 581 694 619 in
730 583 955 623 Creosotum
985 586 1095 625 habet
1121 590 1236 628 actio-

119 646 230 693 nem⁴3
258 647 292 683 si
322 640 601 697 nempe'plures
616 650 708 689 disci
732 652 946 704 (schy'fjes)
962 657 1058 695 sodii
1071 669 1236 699 recenter

116 715 270 764 praecisi
302 716 340 754 in
372 717 599 757 Creosotum
637 720 879 771 injiciantur,
906 727 1073 765 evolutio
1098 730 1231 768 caloris

119 784 269 833 oritur,
296 794 333 824 et
359 787 452 825 disci
479 797 670 827 mutantur
696 790 734 828 in
761 793 937 839 globulos
971 798 1096 836 sodae.

600 940 638 986 g.
693 953 730 987 4.

331 1062 392 1100 De
416 1064 578 1104 Creosoti
601 1070 783 1110 relatione
807 1074 863 1112 acl
886 1076 1001 1116 bases.

156 1210 387 1253 Observatur
413 1218 722 1270 phaenomenon‚
752 1225 848 1266 haud
875 1230 1000 1278 dispar
1029 1233 1089 1281 ei,
1118 1239 1222 1284 quod

103 1279 142 1316 in
173 1284 402 1328 praecedenti
424 1291 652 1338 paragrapho
686 1298 888 1345 occurrit‚·
909 1300 943 1338 si
979 1288 1113 1352 hydras
1150 1320 1223 1356 po·

105 1356 223 1388 cassae
246 1351 379 1392 ficcum
411 1355 449 1394 in
476 1369 651 1399 contactu
677 1374 839 1411 ponatur
875 1379 959 1408 cum
998 1362 1216 1426 Creosot03

99 1412 211 1458 altera
234 1422 331 1461 enim
360 1436 443 1472 pars
471 1429 631 1468 solvitur
659 1432 731 1471 sub
749 1437 964 1478 evolutione
986 1443 1142 1493 caloris,
1169 1447 1223 1485 al-

45 1474 48 1477 ·
100 1493 176 1527 tera
201 1487 285 1538 par's
323 1493 365 1531 fit·
406 1487 561 1544 liquida.
615 1501 975 1548 Reichenbach
1003 1512 1075 1551 hoc
1102 1516 1219 1564 expli-

100 1554 161 1596 cat‘
195 1566 240 1600 ex
277 1562 416 1611 dupli-ci
447 1562 629 1608 Creosoti⁴
655 1574 700 1611 ad
728 1585 916 1623 potassam
945 1590 981 1619 et
1001 1594 1133 1632 aquam
1163 1586 1217 1625 af-

99 1627 263 1678 finitate,
318 1625 419 1681 qu'od
443 1638 446 1641 ⁴
467 1649 599 1689 nempe
635 1650 725 1682 tunc
770 1647 881 1686 altera
920 1662 1004 1697 pars
1050 1654 1217 1703 hydratis

100 1708 272 1746 potassae
290 1708 421 1751 aquam
444 1720 546 1748 suam
573 1714 740 1761 excutit,
768 1724 879 1764 atque
897 1720 1103 1769 anhydrum
1129 1736 1213 1763 cum

99 1769 288 1809 Creosoto
328 1775 601 1828 cehJungatur,
655 1784 743 1822 dum
778 1787 888 1825 altera
928 1801 1014 1837 pars
1047 1792 1211 1841 hydratis

98 1847 268 1886 potassae
293 1843 479 1884 liberatam
504 1860 635 1895 aquam
658 1852 850 1894 absorbet.
903 1858 1044 1898 Melius
1066 1870 1209 1911 tamen,

98 1918 140 1946 ut
162 1911 252 1950 mihi
279 1914 426 1959 quidem
449 1917 594 1957 videtur
610 1948 622 1967 ‚
651 1924 824 1971 explicari
850 1938 977 1974 posset
998 1930 1070 1968 hoc
1096 1933 1210 1979 phae-

96 1989 232 2019 nomen
263 1994 335 2031 ope
377 1985 562 2026 affinitatis
595 1992 913 2041 praedisponentis
950 1997 1205 2051 Berzeffi,

97 2061 103 2066 ·
140 2055 141 2060 ¹
167 2054 177 2062 ’·
422 2066 423 2071 ’
1155 2073 1209 2112 sic

138 2135 193 2198 (ι)
229 2159 323 2190 conf.
358 2162 447 2191 Ana.
484 2165 541 2193 der
567 2166 708 2207 mysac.
744 2170 804 2203 ed.
840 2173 1011 2207 xxvffl.
1047 2179 1135 2211 Hert.
1175 2183 1203 2213 1.

99 2207 582 2255 Schweigerseidel,
615 2222 801 2260 N.Jalzrb.
838 2228 893 2258 ssd.
931 2229 1030 2263 VIII.
1059 2234 1135 2272 Heft
1172 2239 1204 2268 6·

95 2262 130 2293 S·
153 2262 222 2295 326.
