1487 2625
487 230 836 269 MEDICA„
1154 240 1221 275 123

115 339 187 379 cile
231 339 391 378 restitui.
458 341 534 377 Hac
576 340 720 377 ratione
756 339 898 376 tandem
941 337 1041 375 mihi
1071 336 1228 386 contigit

116 410 289 459 majorem
337 410 490 447 omniuo
527 411 716 457 acquirere
750 409 918 445 Arseuici
955 405 1222 454 quantitatem,

116 491 227 528 quam
255 479 317 518 alii
350 480 606 528 produxerunt
639 480 740 517 fluxu
771 478 962 525 adhibito,
995 480 1051 516 vel
1071 478 1230 516 sulfure-

115 557 157 588 to
182 549 221 588 in
246 550 454 588 arseniitem
475 550 598 588 Calcis
613 575 615 578 .
633 559 696 587 aut
718 549 860 587 Plumbi
887 559 1044 587 mutato.
1099 548 1229 586 Refert

111 620 210 658 enim
243 620 484 660 Christis
501 631 559 658 on
584 632 631 657 ex
656 620 778 667 granis
809 619 928 656 tribus
956 618 1128 657 sulfureti
1156 621 1230 657 Ar-

114 690 256 738 senici‚
287 701 377 739 gaze
406 699 442 728 et
474 691 664 728 solutione
689 690 886 727 arsenicale
921 690 1092 738 produc-ti
1111 717 1122 736 ‚
1151 699 1229 727 tan-

115 768 195 798 tum
237 765 332 808 0,67
360 760 462 807 grani
493 761 664 798 Arsenici
702 772 766 808 per
804 761 942 798 fluxum
978 772 1017 799 se
1041 761 1232 799 restituere

113 830 282 878 potuisse
304 830 494 879 (1),dum
509 842 552 868 ex
577 831 768 870 arseniatis
795 831 919 880 Calcig,
940 843 974 878 ι,
991 844 1067 880 033
1095 832 1195 880 grani
1219 860 1231 879 ‚

115 912 233 949 o‚134
281 909 316 937 et
353 912 396 937 ex
427 911 540 949 grano
578 912 653 938 uno
688 901 879 939 arseniatis
905 902 1050 940 Plumbi
1087 911 1228 940 tantum

114 983 209 1017 0‚20
254 970 355 1019 grani
397 957 567 1008 Arseni'ci
603 982 642 1007 se
675 971 920 1019 acquisivisse
953 980 1108 1010 testetur
1142 972 1228 1022 (2).

113 1040 199 1088 Ipse
225 1052 314 1078 vero
345 1052 388 1078 ex
422 1040 544 1088 granis
579 1040 698 1078 tribus
723 1041 893 1079 Arsenici
919 1040 1121 1088 suffurati,
1151 1044 1231 1079 vul-

113 1111 190 1159 gari
221 1111 361 1149 ratione
396 1110 575 1156 formati,
614 1121 726 1158 supra
760 1111 860 1148 dicto
902 1113 1014 1149 modo
1042 1113 1230 1149 extrahere
1283 1148 1287 1153 Α

115 1180 224 1226 potui
244 1190 395 1228 granum
419 1192 454 1225 1,
463 1191 534 1228 303
564 1191 608 1217 ex
629 1180 796 1229 ejusdum
814 1180 934 1228 granis
960 1181 1108 1219 duobus
1136 1193 1231 1229 0‚90

117 1248 243 1298 grani,
265 1251 432 1297 adeoque
456 1250 702 1297 proportione
725 1250 915 1298 paululum
951 1253 1088 1300 majore
1121 1263 1229 1298 quam

116 1318 154 1357 in
185 1318 307 1367 primo
333 1329 415 1356 meo
454 1317 722 1366 experimento.
780 1319 1023 1368 Tandemque
1059 1333 1103 1358 ex
1150 1333 1230 1369 gra-

113 1399 163 1428 no
195 1398 270 1428 uno
303 1389 467 1438 ejusdem
508 1387 711 1437 sulfureti⁷
762 1401 856 1438 0,44
891 1391 991 1438 grani
1027 1391 1085 1428 vel
1119 1393 1230 1438 longe

114 1459 287 1508 majorem
315 1458 486 1497 Arsenici
520 1465 659 1507 partem
693 1466 712 1496 :1
746 1459 890 1498 sulfure
920 1461 1115 1509 sejungere
1139 1461 1229 1499 mibi

115 1529 299 1568 succedit.
353 1530 459 1579 Quae
478 1529 600 1567 omnia
628 1529 811 1577 probant,
844 1532 1011 1578 quamvis
1038 1528 1075 1568 etv
1107 1532 1227 1569 minus

115 1599 313 1646 optabilem
349 1598 387 1636 in
426 1598 534 1636 initio
560 1599 709 1636 obtinui
741 1609 940 1648 eventum,
969 1602 1079 1650 longe
1115 1603 1227 1651 majo-

115 1674 189 1700 rem
225 1663 396 1702 Arsenici
429 1673 568 1711 partem
595 1675 638 1701 ex
665 1664 878 1713 sulfureto‚
905 1668 1106 1705 secundum
1137 1667 1226 1704 hanc

115 1732 354 1770 Berzelii
382 1734 598 1771 methodum
622 1735 806 1782 produci,
837 1747 945 1782 quam
972 1732 1227 1785 Juxtassiliam„

117 1813 190 1850 qua
212 1802 437 1840 sulfuretum
475 1803 513 1840 in
551 1804 765 1842 arseniatem
803 1805 928 1844 Calcis
952 1815 1141 1853 mutatur‚
1169 1807 1228 1844 vel

103 1872 311 1912 plumbum
344 1872 468 1911 Calcis
494 1874 579 1910 loco
598 1874 861 1914 substituitur.

166 1944 242 1982 Alii
273 1951 396 1981 autem
428 1942 532 1980 aliam
575 1944 693 1982 secuti
729 1955 816 1982 sunt
840 1946 935 1983 viam
963 1946 1228 1985 adhibuerunt-

114 2025 189 2062 que
218 2014 427 2051 columnam
461 2013 685 2061 galvanicam
723 2015 769 2052 ad
815 2015 1084 2055 restituendum
1115 2018 1230 2056 Arse-

113 2083 237 2123 nicum
265 2084 413 2132 liquore
438 2085 619 2122 solutum.

1130 2159 1227 2201 Cum

158 2255 210 2297 (ι)
231 2257 384 2289 Ablzand.
405 2269 439 2297 p.
462 2260 530 2291 262.

160 2309 211 2349 (2)
234 2309 318 2341 lrbid.
343 2322 377 2350 p.
398 2312 468 2344 265.
