1487 2625
436 176 849 222 CHEMICAs
1160 194 1208 236 17·

599 356 633 405 ς.
662 359 700 396 6.

149 485 210 524 De
230 488 397 537 parandi
421 491 567 527 ratione
590 488 784 527 secundum
806 489 840 539 J.
872 490 921 528 E.
952 490 976 527 S
990 488 1079 528 imo
1089 500 1114 527 n
1128 511 1143 537 ς

237 555 571 610 Pharmacopoeum
596 560 624 597 B
636 559 912 597 erolinense
925 569 958 597 m
982 559 1069 608 (1).

142 706 403 747 Adhibendum
453 719 508 748 est
556 710 711 748 ahenum
750 708 959 747 tabulatum
995 719 1201 758 cupreum3

91 777 151 815 cui
190 778 409 827 adjungendi
442 788 530 817 sunt
567 780 643 818 duo
670 777 865 826 alembici‚
892 779 983 816 alter
1009 790 1200 827 cupreus,

91 854 267 886 stanneus
306 851 422 896 alter,
449 849 631 899 eJ‘usmodi
658 857 780 887 autern
807 848 971 887 cochleis
997 848 1200 896 instructi,

92 925 133 954 ut
166 918 210 955 ad
248 918 394 956 libitum
429 928 588 957 retortae
620 918 824 956 alternatim
859 921 1009 966 possint
1033 918 1199 967 adjungia

91 984 359 1034 Refrigerando
375 987 560 1025 destinato
588 987 790 1026 inserviant
815 987 977 1037 cylindri
1005 989 1082 1026 duo
1110 998 1202 1026 con-

88 1055 241 1094 centrici
266 1058 434 1104 stannci,
463 1057 605 1095 interne
631 1066 743 1105 atque
772 1066 921 1096 externe
948 1069 1044 1106 aqua
1067 1057 1203 1107 frigida

88 1125 264 1164 continua
290 1125 433 1174 repleti.
482 1125 568 1175 Ipsa
593 1134 713 1164 autem
741 1126 970 1176 praeparatio
998 1137 1064 1166 sex
1088 1128 1203 1176 parti-

91 1195 160 1233 bus
187 1195 417 1234 absolvitur:

140 1265 172 1303 Ι.
224 1264 380 1302 Retorta
408 1276 477 1313 pro
504 1265 613 1312 tertia
636 1274 740 1313 parte
769 1266 954 1313 repleatur
978 1265 1062 1314 pice
1089 1264 1203 1314 liqui·

89 1335 160 1380 da,
190 1335 250 1372 tali
276 1334 513 1383 potissimum
530 1363 542 1382 ‚
567 1347 661 1383 quae
685 1346 730 1373 ex
751 1337 845 1373 duro
865 1335 967 1384 ligno
983 1344 1106 1384 parata
1128 1344 1200 1374 esta

90 1404 265 1452 Cupreus
289 1404 489 1442 alembicus
516 1405 750 1454 adjungatur.
779 1405 883 1454 Ignis
911 1406 959 1443 sit
985 1406 1095 1444 lenis.
1125 1405 1202 1443 Re·

87 1474 234 1524 jiciatur
251 1474 410 1523 primum
427 1475 609 1512 transiens
626 1474 849 1513 destillatum
866 1502 880 1519 ‚
903 1484 939 1512 et
958 1483 1036 1512 turn
1053 1475 1200 1513 demutti

88 1544 310 1591 colligatur,
350 1545 380 1581 si
421 1544 604 1592 liquidum
646 1545 748 1582 valde
794 1544 936 1581 acidum
977 1555 1061 1581 cum
1105 1550 1200 1591 aqua

91 1613 272 1660 mixtum,
301 1615 422 1652 oleum
448 1614 635 1660 excutiat,
662 1614 764 1661 quod
789 1612 945 1651 fundum
973 1614 1078 1662 petit.
1107 1614 1201 1651 Ces·

89 1692 146 1720 set
171 1691 292 1720 autem
320 1684 517 1721 destillatio
535 1713 546 1730 ‚
573 1689 682 1732 quam
698 1683 854 1731 primum
870 1684 906 1720 in
921 1690 1059 1720 retorta
1078 1685 1197 1738 sonus

88 1751 256 1790 audiatur
295 1752 474 1791 stridulus
548 1753 653 1791 Talis
690 1752 889 1791 destillatio
930 1763 996 1800 per
1035 1753 1196 1790 triduum

89 1830 144 1860 est
169 1822 356 1869 iteranda,
393 1822 475 1870 pice
503 1823 643 1870 liquida
673 1823 838 1869 recenti;
868 1829 947 1858 tum
977 1831 1067 1859 vero
1092 1821 1197 1859 acido

87 1891 250 1940 liquori,
276 1891 329 1929 sic
355 1891 540 1939 acquisito
557 1919 569 1938 ‚
612 1901 754 1928 tautum
779 1891 989 1928 carbon-atis
1024 1897 1199 1938 potassae

85 1961 350 2008 admisceatur,
377 1962 493 1999 donec
520 1960 606 1998 hinc
633 1969 735 1998 enata
761 1959 1039 2001 effervescentia
1061 1968 1196 1997 cesset.

87 2032 185 2071 Haec
211 2031 395 2070 admixtio*
417 2031 572 2070 inservit
594 2029 816 2069 saturationi
844 2028 1029 2067 acidorum
1045 2057 1058 2076 ‚
1075 2033 1196 2076 quae,-

1119 2109 1178 2135 ma

129 2169 175 2208 (ι)
200 2167 295 2199 conf.
318 2168 421 2208 Pogg
432 2167 618 2205 endorff,
633 2168 721 2197 Ann.
743 2165 808 2198 ΝΟ.
821 2167 853 2199 8.
880 2165 937 2197 ssd.
949 2177 978 2197 2·
999 2175 1031 2205 p.
1044 2165 1196 2207 119·123;

87 2221 263 2253 Pharmac.
288 2222 470 2252 Centralbl.
502 2222 592 2252 1854.
664 2220 686 2249 B
698 2221 716 2250 ii
730 2218 869 2259 chner,
903 2221 1038 2260 Reperh
1052 2220 1122 2260 fiir
1145 2219 1198 2250 die’

86 2275 222 2306 Phar-m.
246 2275 340 2309 Tum.
357 2274 488 2307 XLIX.
509 2276 672 2316 P·90⁶94·

139 2345 283 2374 Qasr.
625 2336 651 2373 B
