1487 2625
474 224 917 263 ADNOTATIO.
1196 233 1241 266 67

123 330 161 370 '„
188 326 370 373 Neigung,
399 328 645 375 durchgesetzt
667 331 810 366 werden
833 333 916 375 soll,
950 333 995 366 da
1017 333 1107 366 wird
1127 333 1241 368 nicht&

136 412 160 429 ‚,
187 386 332 421 bewirkt
350 388 402 422 als
429 389 490 423 das
520 391 646 424 unedle
674 391 791 439 Spiel,
818 393 978 433 wodnrclz
1002 405 1082 427 zum
1110 393 1240 427 Schein

135 471 158 489 „
191 446 382 493 Zeuqnisse
417 447 780 497 zusammenqebracht
803 454 961 495 werden,
990 466 1050 488 um
1077 454 1140 487 der
1164 454 1238 488 for-

133 522 157 549 ,‚
185 506 316 541 mellen
345 508 540 544 Vorschrift
568 523 611 544 zu
634 516 788 557 gniigen.
839 513 883 547 So
908 514 1025 559 wenig
1049 514 1122 549 kan
1145 515 1237 560 geis-

131 592 155 608 „
185 567 256 612 tige
294 567 520 616 Mittheilung
558 572 748 616 gedeihen,
788 584 894 607 wenn
925 574 984 608 ihr
1020 574 1145 621 irgend
1180 576 1239 610 ein

129 635 153 669 ‘„
177 630 341 662 -ausserer
363 629 489 676 Zwang
512 633 674 677 angelegt
699 632 826 668 wird.”
940 681 944 683 μ

176 686 228 720 De
261 694 388 723 natura
424 695 459 723 et
497 691 662 725 libertate
692 693 908 728 academicae
941 694 1123 730 doctrinae
1152 706 1236 729 vere

127 756 273 793 'quoque
300 749 388 783 mihi
413 750 553 784 videtur
578 746 755 798 scripsisse
791 753 929 788 Wolf
936 754 1033 798 ius3
1061 755 1099 788 in
1135 756 1236 800 cujus

129 807 265 841 schedis
295 809 382 843 haee
419 810 562 845 inventa
591 818 691 846 sunt:
717 840 751 859 0„
779 813 884 848 Vobis
926 807 1108 860 praeterea
1131 815 1231 860 ipsis,

129 868 270 912 quando
306 869 350 903 ad
374 870 460 904 haec
485 871 658 906 auditoria
681 873 871 916 confluifis,
912 886 983 909 non
1010 876 1235 921 ‘propositum

128 934 181 962 est
203 928 338 963 discere
371 931 435 964 snb
463 932 657 976 magistris,
686 933 777 967 sicut
808 940 909 968 antea
941 934 1120 968 faciebatis
1141 935 1236 969 domi

129 993 166 1022 et
189 989 228 1023 in
259 987 407 1032 scholis,
435 992 494 1026 sed
527 1004 569 1026 ex
601 994 780 1039 perpetuis
814 995 1078 1029 recitationibus
1107 997 1235 1030 nostris

127 1050 271 1095 proprio
295 1051 425 1086 iudicio
447 1058 588 1087 vtantum
607 1054 789 1099 excipere,
818 1061 988 1100 quantum
1023 1056 1150 1101 cuique
1175 1057 1233 1091 in-

127 1110 271 1155 genium
300 1123 361 1145 scu
392 1112 539 1156 facultas
571 1125 632 1157 sua
663 1115 872 1159 permiserit.
932 1116 1104 1151 Acceditis
1139 1119 1234 1152 enim

127 1170 255 1219 imbuti
277 1171 412 1214 literis,
452 1173 582 1218 quibus
608 1179 773 1220 tanquam
810 1175 1046 1210 fundamentis
1071 1177 1233 1212 nitantur

126 1230 195 1265 hae
224 1231 387 1274 altiores,
422 1244 569 1278 eamque
605 1240 754 1268 aetatem
787 1241 821 1269 et
839 1236 1023 1281 judicandi
1047 1239 1231 1274 maturita-

126 1296 199 1325 tem
232 1292 369 1338 adepti,
422 1295 523 1339 cujus
565 1295 670 1329 etiam
695 1296 836 1341 publica
858 1298 1057 1332 testimonia
1077 1298 1228 1342 affertis,

126 1356 167 1386 ut
188 1352 262 1397 jam
294 1354 332 1386 in
357 1353 528 1406 latiorem‘
549 1356 668 1389 orbem
689 1357 954 1403 disciplinarum
976 1359 1230 1394 introducami-

124 1411 183 1453 ni,
206 1412 282 1457 jam
307 1413 505 1458 periculum
534 1415 669 1449 faciatis
697 1416 827 1450 virium
858 1419 999 1452 remotis
1031 1420 1232 1454 custodibus

125 1473 413 1516 exercendarum,
442 1487 487 1509 ne
508 1475 726 1522 inexpertam
757 1490 894 1512 morum
914 1479 1067 1514 indolem
1089 1487 1124 1514 et
1148 1493 1230 1515 cru-

114 1533 171 1582 Ιἀει
194 1534 394 1570 rudimenta
430 1536 626 1571 studiorum
661 1538 700 1572 in
730 1537 903 1574 firmatam
939 1547 1088 1576 aetatem
1123 1548 1158 1576 et
1192 1543 1231 1577 in

126 1605 273 1629 munera
308 1607 388 1630 mox
424 1596 530 1631 Vobis
566 1599 761 1634 mandanda
783 1601 990 1647 importetis.
1024 1604 1151 1651 ¹Quam
1177 1605 1232 1650 ip-

125 1666 197 1689 sam
231 1655 276 1689 ob
309 1668 464 1706 causam,
516 1654 684 1705 prudenti
719 1664 891 1708 majorum
931 1664 1095 1706 consilio,
1144 1665 1232 1699 haec

126 1715 231 1750 Vobis
251 1717 397 1752 liberior
417 1719 557 1753 vivendi
577 1722 667 1755 ratio
695 1734 857 1763 concessa
883 1730 953 1766 est,
981 1731 1022 1759 ut
1047 1727 1231 1761 ostendere

125 1776 263 1810 minore
296 1777 511 1823 reipublicae
541 1781 699 1826 periculo
732 1785 890 1829 possitis,
939 1786 1037 1832 quali
1068 1781 1231 1834 'quisque

126 1835 291 1870 fortunae
324 1843 361 1871 et
381 1837 458 1872 loco
480 1840 624 1884 posthac
649 1842 796 1877 idoneus
827 1844 1007 1880 habendus
1033 1847 1088 1881 sit.
1140 1849 1229 1883 Nec-

111 1896 211 1931 ,dum
245 1897 390 1943 antiqua
419 1900 574 1935 conditio
606 1903 769 1937 studendi
788 1905 953 1940 subversa
974 1913 1025 1941 est
1046 1908 1089 1942 ad
1108 1908 1228 1943 libidi-

110 1968 208 1999 ,nem
241 1969 412 1992 novorum
445 1961 662 2005 sapientum,
716 1965 798 2010 qui,
851 1978 898 2000 ne
933 1967 1068 2013 aliquot
1098 1970 1229 2014 perditi

124 2023 292 2063 pereant,
321 2030 458 2053 omnem
491 2028 631 2056 coetum
663 2024 936 2061 adolescentium
967 2030 1097 2074 puerili
1122 2031 1227 2065 disci-

124 2078 234 2124 plina·
247 2080 403 2113 coerceri
432 2082 599 2124 mallent,
628 2085 819 2120 academias
850 2094 967 2121 autem
992 2090 1122 2124 civium
1147 2104 1228 2126 suo-

125 2149 226 2180 rum,
254 2151 274 2174 a
308 2141 512 2185 parentibus
532 2149 592 2177 aut
619 2144 828 2192 paedagogis
849 2148 939 2186 male
963 2151 1224 2195 neglectorum,

110 2209 302 2243 ‚resumere
335 2201 598 2246 educationem,
627 2211 662 2239 et
692 2198 783 2251 ipsas
816 2195 968 2255 denique
992 2212 1029 2246 in
1054 2214 1226 2260 paedago-
