1487 2625
249 205 296 250 64
455 202 1124 243 COMMENTATIO

243 323 278 348 v.
307 321 341 348 c.
383 311 427 348 ad
461 310 679 348 solvendum
716 311 858 360 indigo,
945 312 1044 351 Mihi
1085 322 1205 364 autem
1243 314 1344 352 vide-

242 391 301 418 tur
335 409 347 427 ‚
419 381 644 418 Creosotum
699 392 888 429 nunquam
948 367 993 420 eo
1052 383 1174 431 pretio
1231 394 1346 433 posse

240 450 388 496 vendi,
444 462 519 497 quo
572 460 806 498 comparatur
860 452 1003 489 acidum
1071 452 1345 500 sulphuricum.

238 519 346 558 Licet
390 519 503 566 igitur
538 521 695 568 pretium
731 532 962 569 nequaquam
1009 522 1045 559 in
1089 532 1242 560 censum
1285 534 1349 560 ve-

237 588 311 626 niat
328 616 342 636 ,
371 589 434 626 ubi
457 590 630 629 scientiae
653 602 761 629 causa
784 600 911 640 agatur
926 620 939 639 ‚
962 591 1113 632 maximi
1136 599 1257 629 tamen
1270 602 1351 630 mo-

236 659 349 697 menti
381 669 464 707 est‚
493 661 557 700 ubi
588 663 633 700 de
674 675 743 701 usu
769 663 940 701 technico
970 671 1181 711 quaeratur.

717 796 754 842 §.
813 806 872 832 11.

296 920 354 958 De
380 920 545 960 Creosoti
573 921 756 958 relatione
770 920 822 960 acl
843 919 1031 970 producta
1049 949 1062 968 ,
1089 934 1184 972 quae
1199 924 1289 972 fer-

272 984 273 987 *
564 993 786 1030 mentatione
818 993 1012 1030 oriuntur.

286 1126 449 1163 Aicohol
482 1124 808 1174 generosissimum
842 1123 1084 1172 conjungitur
1120 1133 1204 1161 cum
1230 1123 1350 1162 Creo·

232 1204 318 1233 soto
348 1196 446 1232 omni
486 1195 752 1243 proportione,
798 1193 851 1230 uti
901 1192 1008 1230 etiam
1045 1192 1193 1230 alcohol
1227 1204 1276 1238 0,
1301 1195 1349 1230 82

233 1267 350 1314 pond.
379 1277 478 1312 spec.
513 1264 659 1303 Solutio
685 1273 803 1301 autem
833 1261 942 1301 unius
968 1261 1083 1310 partis
1108 1260 1282 1299 Creosoti
1311 1259 1350 1298 in

240 1348 285 1374 10
319 1335 486 1384 partibus
527 1335 732 1380 alcoholis,
763 1333 909 1370 misceri
942 1324 1069 1380 potest
1093 1341 1178 1369 cum
1203 1340 1244 1368 11
1269 1340 1351 1379 par-

236 1405 338 1443 tibus
363 1417 506 1452 aquae,
535 1414 727 1452 antequam
769 1402 950 1451 separatio
986 1399 1164 1441 Creosoti
1190 1400 1351 1438 animad-

236 1484 412 1513 vertatur.
478 1475 583 1524 Quae
611 1473 792 1522 separatio
827 1481 915 1510 tune
953 1471 1100 1508 demum
1138 1481 1206 1518 pro
1246 1477 1351 1518 parte

235 1544 412 1591 obtinet,
440 1545 471 1581 si
507 1545 658 1581 addatur
694 1541 908 1580 duodecima
941 1551 1053 1588 pars,
1083 1537 1201 1586 qualis
1225 1546 1346 1576 autem

233 1615 415 1662 separatio
438 1625 513 1650 non
545 1613 663 1650 oritur
699 1623 770 1659 ope
805 1610 978 1648 aetheris.

288 1686 314 1722 Β
333 1685 470 1722 uehn
490 1696 539 1720 er
582 1683 679 1732 (ι),
710 1682 921 1730 inungendo
964 1681 1029 1717 hac
1056 1679 1247 1717 soiutione
1283 1691 1348 1717 co-

238 1755 290 1792 ria
325 1755 592 1792 nonnullorum
640 1753 875 1797 animalium,
919 1750 1208 1799 experimentum
1242 1747 1344 1792 fecit4

238 1824 466 1874 Hujusuiodi
493 1824 591 1861 coria
609 1851 621 1869 ‚
650 1832 741 1870 post
782 1833 825 1860 12
853 1822 989 1868 horas,
1019 1820 1208 1868 implebat.
1235 1820 1349 1867 Elap-

239 1895 289 1931 sis
329 1910 348 1932 ε
386 1894 576 1931 mensibus
613 1893 712 1930 coria
743 1900 844 1929 erant
889 1891 1093 1937 exsiccata,
1138 1901 1205 1927 nec
1236 1889 1348 1927 vesti-

238 1965 337 2012 gium
366 1963 582 2001 cernebatur
616 1962 819 2009 putredinis
852 1961 931 1998 sive
966 1959 1268 1997 vermiculorum.

288 2033 392 2082 Quae
416 2033 560 2080 quidem
579 2031 783 2080 proprietas
808 2042 891 2067 curu
919 2030 1008 2067 mihi
1033 2030 1218 2066 videretur
1247 2039 1348 2076 egre·

239 2102 296 2151 gie
335 2102 500 2149 adaptata
532 2101 569 2138 in
611 2101 803 2149 implendis
852 2109 887 2137 et
919 2098 1164 2136 restaurandis
1199 2098 1243 2135 ad
1289 2096 1345 2134 vi-

1259 2178 1347 2204 vum

283 2277 331 2316 (1)
357 2276 431 2305 viia
453 2277 521 2315 ejus
544 2277 747 2316 Repetasu‘r
769 2276 820 2305 dit·
841 2276 978 2305 Plz-arm·
1000 2272 1093 2304 Tom.
1114 2273 1164 2303 48.
1185 2283 1255 2313 pag.
1278 2283 1347 2313 279.
