1487 2625
241 199 285 233 68
568 197 1009 234 ADNOTATIO.

241 304 300 348 gia
333 307 369 336 et
401 313 542 346 magnos
578 301 677 337 ludos
707 304 902 339 eonverti.”
946 303 983 337 F.
1005 302 1046 337 A.
1068 279 1213 337 Wolf.
1253 302 1277 338 l.
1307 313 1340 337 c.

243 375 321 409 pag.
349 363 428 396 287.

287 470 368 514 Pag.
382 469 437 503 22.
467 470 547 512 Qui
569 470 720 515 paucis
743 470 855 504 hisce
877 456 1009 505 annis.
1036 470 1122 504 Van
1148 468 1340 504 Heusde.

241 530 396 564 Brieven
433 541 513 562 over
549 530 616 563 den
653 532 742 564 nard
775 542 821 564 en
857 530 898 563 de
924 530 1101 576 strekkinq
1126 542 1196 564 van
1219 530 1343 576 hooyer

243 589 436 634 onderwt'js.
481 589 627 623 Utrecht.
658 590 757 624 1829.
794 601 863 635 quo
899 595 1054 635 tempore
1081 601 1199 624 omnes
1216 589 1260 623 de
1284 600 1343 624 re·-

241 648 432 682 formandis
463 649 646 683 academiis
672 662 749 684 cum
786 650 954 684 dedecore
985 655 1021 683 et
1051 649 1182 685 invidia
1204 649 1346 695 publice

240 709 556 754 interrogabamur.
608 710 637 744 A
669 710 814 744 meridie
843 711 908 745 illa
931 715 1115 756 tempestas
1148 715 1224 744 orta
1255 715 1344 744 erat.

241 769 350 803 Multa
383 775 566 815 praeterea
607 775 691 804 tunc
727 771 856 817 scripta
881 771 1110 816 consultaque
1134 776 1217 805 sunt
1253 781 1344 821 quae

240 842 355 872 nunc,
385 830 488 864 utilia
522 842 602 864 cum
637 831 838 872 inutilibus,
874 831 995 876 jacent
1029 831 1203 865 tinearum
1232 830 1344 876 pabu-

241 890 326 925 lum.

290 996 380 1030 Ibid.
422 996 698 1031 Exstiterant
721 997 764 1030 in
787 997 922 1031 Italia
946 997 1048 1031 olim
1068 1009 1099 1032 e.
1115 1009 1145 1032 r.
1175 997 1346 1032 Videatur

243 1056 416 1103 Savigny‚
445 1057 623 1091 volumine
645 1057 766 1091 eodem
786 1058 922 1103 passim.
971 1058 1159 1092 Nationum
1189 1058 1344 1104 descrip-

245 1117 312 1156 tio,
342 1117 446 1150 hodie
476 1117 514 1150 in
546 1118 723 1163 plerisque
754 1118 936 1152 academiis
968 1119 1162 1164 proscripta
1182 1145 1190 1160 ‚
1229 1118 1346 1153 adhuc

243 1177 447 1211 observatur
481 1177 656 1223 Upsaliae,
688 1178 853 1224 temporis
879 1178 1029 1213 decursu
1062 1179 1105 1214 ad
1126 1184 1346 1224 praesentem

243 1237 433 1272 utilitatem
457 1238 683 1273 conformata.

291 1345 372 1390 Pag.
386 1346 430 1380 24
455 1347 636 1380 Exstant
659 1347 857 1392 Epistola
881 1347 1103 1394 Principis
1127 1359 1156 1382 e.
1173 1359 1203 1382 r.
1229 1347 1344 1383 Arau-

243 1406 327 1440 siaci
347 1407 491 1452 epistola
513 1408 557 1442 ad
580 1408 781 1442 Hollandiae
803 1408 947 1442 Ordines
969 1409 1097 1454 scripta
1115 1408 1344 1454 Medioburgii

244 1467 289 1500 22
299 1468 472 1513 Septemb.
487 1468 588 1502 1574.
613 1468 735 1502 Latine
749 1474 862 1503 exstat
879 1469 971 1514 apud
988 1468 1248 1511 Fabricium,
1270 1470 1294 1504 l.
1310 1481 1342 1503 o.

244 1527 313 1561 Lex
355 1528 588 1562 institutionis
633 1530 730 1574 regio
774 1529 914 1563 nomine
952 1529 1172 1575 promulgata
1184 1556 1193 1571 ‚
1245 1535 1344 1564 sexto

238 1588 430 1636 Januario‚
465 1601 484 1623 a
519 1590 770 1634 Siogenbeekio
805 1590 921 1624 addita
956 1595 1007 1623 est
1041 1590 1218 1624 Volumini
1252 1590 1343 1624 alte·
1390 1592 1402 1599 “

242 1659 294 1682 ro.
350 1648 394 1681 ln
417 1660 457 1683 ea
482 1649 561 1693 lege
580 1649 710 1683 dieitur
732 1650 887 1684 ordinari
913 1656 948 1684 et
977 1650 1115 1684 institui
1137 1662 1219 1684 eene
1251 1651 1345 1698 verje

247 1709 415 1757 openbare
443 1709 581 1744 schoole
600 1709 955 1757 ende*Uuiver·siteyt.
982 1712 1032 1746 Cf.
1057 1723 1161 1757 supra
1183 1723 1261 1759 pag.
1285 1712 1320 1746 lo.

283 1817 373 1851 Ibid.
401 1817 553 1862 Longa
578 1818 643 1851 sit
668 1819 1060 1854 commemoratio.
1087 1819 1164 1854 vid.
1180 1820 1256 1855 J.G.
1271 1819 1344 1854 Te-

245 1882 409 1911 water.
441 1878 561 1911 Oratio
583 1879 623 1911 de
650 1879 750 1912 rebus
773 1880 968 1913 academiae
992 1880 1092 1926 Luqd
1114 1880 1236 1914 Batav.
1264 1893 1341 1914 sae-

246 1938 322 1972 culo
344 1945 460 1972 octavo
477 1944 510 1971 et
530 1939 657 1973 decimo
666 1941 843 1986 prosperis
867 1947 900 1974 et
917 1942 1084 1976 adversis.
1106 1942 1145 1976 L.
1168 1942 1210 1976 B.
1236 1947 1342 1977 ,1803-

244 2010 323 2044 pag.
350 1998 406 2033 58.
435 2000 530 2043 Quae
566 2006 764 2045 sequuntur
793 2012 813 2035 a
835 2001 1089 2047 Siegenbeekio
1117 2003 1229 2037 relata
1259 2008 1342 2037 sunt

244 2071 379 2105 passim.

292 2180 370 2224 Pag.
385 2181 440 2215 25.
468 2181 653 2215 Leidam
679 2182 811 2216 venit
837 2183 913 2217 Cla
927 2183 1060 2217 utlius
1085 2184 1338 2219 Salmasius.

245 2242 400 2277 Sahuasii
417 2243 531 2285 vitam,
547 2243 771 2288 epistolarum
790 2243 951 2288 syllogae
966 2244 1214 2290 praepositam,
1231 2245 1344 2291 scrip-
