1487 2625
194 170 238 205 88
416 164 1082 207 COMMENTATIO

193 285 237 317 ut
260 285 384 315 crusta
418 274 558 313 oriatur
583 274 758 312 distincta
792 275 969 313 metallica
986 302 999 322 ‚
1028 275 1194 313 sufficere
1230 283 1302 314 tra-

194 346 283 393 dat,
321 346 520 394 ipsumque
551 345 663 382 semel
696 345 787 382 hane
830 345 1079 392 produxisse,
1128 356 1172 382 ex
1206 345 1299 382 acidi

193 414 393 454 arsenicosi
417 414 622 462 quantitate
639 442 652 460 ‚
676 426 785 462 quam
809 415 1032 453 acutissimis
1057 415 1136 453 suis
1163 415 1304 452 instru-

195 484 329 524 mentis
353 484 594 522 determinare
611 494 688 522 non
722 485 880 533 amplius
905 485 1092 533 potuisset
1121 485 1204 534 (1).
1243 485 1306 523 ln·

195 551 252 593 fra
279 563 399 592 tamen
424 556 470 605 ᾗ
488 582 501 602 ,
526 556 571 607 3¹,-
596 563 633 592 et
665 556 710 607 ³¹5
739 557 842 604 grani
869 564 1009 605 partem
1040 554 1153 606 oxydi
1190 555 1313 594 nostri

196 623 418 662 descendere
448 634 527 662 non
553 625 688 672 potui,
729 633 770 662 ut
805 624 981 663 distincte
1016 634 1177 664 crustam
1209 626 1310 665 vide·

197 704 271 730 rem
287 706 312 743 ς,
346 704 440 742 quae
475 702 595 733 tamen
633 694 818 742 quantitas
840 722 853 742 ‚
890 707 985 743 quae
1027 697 1072 734 acl
1099 696 1198 734 hunc
1224 707 1310 733 sco-

195 775 288 812 pum
322 763 529 812 indigebam
567 774 725 812 magna,
763 776 807 804 ex
836 765 1063 803 dexteritatis
1093 776 1193 804 meae
1232 765 1314 804 exi-

197 834 339 883 gnitate
374 833 548 883 explicari
575 835 699 873 debet.

248 904 386 951 Neque
410 905 469 944 his
494 905 579 954 jure
597 904 681 952 quis
705 904 866 955 oincere
888 905 1014 954 possit
1037 933 1050 952 ,
1071 913 1230 943 crustam
1255 912 1310 943 ta-

198 975 297 1021 lem,
326 976 472 1022 qualem
497 974 678 1023 imprimis
706 974 979 1014 Berzelius
1002 974 1190 1022 obtinuit,
1218 986 1314 1012 eam·

199 1056 273 1092 que
310 1044 593 1091 tenuissimam,
634 1045 710 1082 imo
752 1043 1007 1083 instrumentis
1040 1044 1102 1082 vix
1136 1043 1314 1082 definien-

197 1113 279 1151 dam
316 1112 492 1151 indicium
527 1113 703 1151 exhibere
737 1125 814 1151 non
849 1125 988 1161 posse,
1027 1124 1094 1151 nec
1132 1113 1316 1151 validissi-

198 1194 300 1220 mum
339 1191 624 1231 argumentum,
662 1194 740 1231 quo
783 1183 933 1232 probari
980 1192 1109 1231 posset
1143 1183 1314 1222 Arsenici

197 1253 402 1300 praesentia
419 1280 432 1299 ‚
460 1253 574 1291 modo
606 1264 732 1291 secum
760 1253 986 1301 reputaverit
1011 1254 1311 1292 acutissimorum

197 1332 272 1369 ope
295 1321 655 1369 instrumentorum,
682 1322 912 1361 millesimam
944 1323 1045 1372 grani
1083 1332 1221 1371 partem
1254 1335 1315 1361 ac-

197 1400 323 1431 curate
347 1403 462 1440 posse
484 1392 707 1439 ponderari,
734 1401 848 1441 atque
881 1393 1050 1430 laminam
1077 1404 1221 1431 auream
1245 1393 1315 1431 mi-

198 1461 334 1501 nimam
351 1488 365 1509 ,
380 1461 708 1509 tenuissimamque
727 1461 956 1513 (bladgoud)
981 1462 1146 1501 sufficere
1160 1490 1173 1508 ‚
1191 1472 1232 1501 ut
1255 1463 1314 1512 ip·

198 1530 280 1569 sius
301 1530 414 1579 hujus
431 1531 566 1569 metalli
588 1540 785 1580 appareant
811 1532 1055 1580 proprietates
1071 1560 1085 1580 ‚
1113 1541 1190 1570 tum
1218 1534 1317 1583 phy·

199 1600 321 1648 sicae,
349 1609 428 1638 tum
461 1601 646 1639 chemicae
673 1613 692 1639 a
721 1602 828 1639 nullo
848 1603 1049 1651 negandae.

251 1670 500 1718 Requiritur,
533 1670 657 1719 itaque
687 1680 730 1709 ut
742 1671 810 1709 rite
845 1683 1116 1721 cognoscamus
1143 1673 1312 1722 proprie·

203 1748 296 1778 tates
321 1730 466 1778 crustae
505 1740 738 1787 arsenicalis‚
782 1741 963 1789 imprimis
996 1742 1260 1790 diagnosticas.

252 1810 357 1848 Illius
382 1810 494 1849 facies
516 1820 686 1849 externae
715 1823 807 1858 quae
838 1811 919 1850 tubi
957 1813 1124 1851 interiori
1157 1825 1314 1863 respon-

205 1879 505 1928 det‚sp1endore
529 1882 663 1929 gaudet
701 1881 869 1929 chalybis
905 1883 1041 1931 politi,
1075 1885 1202 1922 colore
1225 1896 1318 1922 vero.

205 1949 321 1998 magis
349 1949 525 1989 obscuro.
580 1951 686 1989 Intus
703 1979 715 1999 ,
748 1953 781 1989 si
802 1952 912 1990 oculo
937 1954 1038 1991 nudo
1066 1953 1312 2002 observatur,

206 2020 440 2067 splendorem
464 2021 523 2057 vel
538 2020 671 2058 indicat
702 2022 954 2069 crystallinum
971 2021 1069 2060 ferro
1085 2021 1202 2061 fracto
1218 2023 1319 2062 sitni-

206 2092 275 2133 lem
291 2119 304 2138 ,
331 2090 510 2139 imprimis
531 2090 563 2127 si
579 2091 715 2140 maJ'ore
729 2092 933 2139 quantitate
953 2101 1076 2131 crusta
1101 2092 1150 2131 sit
1171 2092 1309 2141 obvia;

1257 2166 1315 2203 vel

252 2241 635 2282 (1)Christison‚
663 2243 683 2274 Ι.
707 2255 733 2274 e.
756 2254 787 2282 p.
811 2243 880 2276 250.
908 2255 977 2284 seq.
