1487 2625
213 219 228 246 1
236 220 257 246 2
563 207 617 245 IN
625 205 659 243 T
664 205 848 245 RODUC
854 206 942 246 TlO
949 235 960 246 .

254 315 332 353 Diu
355 325 472 353 autem
501 315 665 352 incertus
686 314 816 361 haesi,
855 325 1013 362 quonam
1052 316 1180 355 ordine
1202 329 1312 368 argu-

205 393 369 423 mentum
408 392 578 422 nostrum
617 391 714 421 esset
752 385 993 422 tractandum.
1077 384 1162 435 Qua
1195 386 1234 425 in
1270 399 1312 427 re

200 467 267 493 nec
307 454 699 501 Xenophontem,
749 453 914 501 magistri
950 456 1008 492 sui
1047 454 1309 506 interpretem,

197 524 306 572 sequi
335 532 498 572 poteram
516 551 529 570 ,
556 531 687 571 utpote
720 523 811 570 qui,
850 523 887 560 in
916 523 1117 563 referendis
1143 525 1308 566 Socra·

197 595 265 633 tis
300 593 565 641 sermonibus,
606 602 669 631 aut
701 594 847 631 nullum
885 602 1033 643 teneat,
1082 603 1145 633 aut
1178 607 1308 644 parum

196 664 426 714 probabilem
474 673 573 701 certe
610 664 775 701 ordinem
837 675 1034 711 rerumque
1087 664 1307 712 dispositio·

193 745 306 782 nem3
336 745 402 771 nec
430 735 670 771 Socratem
699 733 846 780 ipsum:
876 744 958 770 nam
988 733 1072 780 hic,
1100 735 1169 773 etsi
1184 735 1306 773 omnia

192 806 232 843 in
270 806 349 854 eJ’us
386 812 509 860 mente
549 812 648 841 arcte
676 803 772 840 inter
795 814 836 840 se
861 803 1059 853 conjuncta
1083 803 1227 852 fuisse,
1265 805 1306 843 in

194 884 424 914 antecessum
460 882 624 911 statuere
663 874 799 920 liceat,
840 873 1044 910 doctrinam
1080 885 1184 912 suam
1221 873 1306 912 uni-

192 955 337 983 versam
393 955 582 991 nunquam
629 943 811 981 continuo
861 954 1031 981 sermone
1077 944 1307 993 explicuisse

190 1014 364 1052 videtur:
406 1022 534 1051 contra
573 1012 776 1050 ducebatur
815 1013 926 1051 variis
952 1025 1108 1061 eorum,
1147 1014 1306 1062 quibus-

191 1097 276 1123 cum
318 1084 626 1131 colloquebatur,
662 1083 812 1130 indole,
841 1084 939 1121 vitae
964 1095 1122 1133 genere,
1150 1086 1303 1123 studiis-

194 1166 294 1204 que,
323 1164 359 1192 et
382 1153 480 1191 varia
504 1153 742 1200 colloquendi
766 1153 1062 1201 opportunitate.
1119 1155 1304 1193 Praeterea

189 1227 287 1264 solet
329 1225 418 1262 mihi
458 1223 611 1271 periculi
653 1225 801 1270 plenum
837 1222 977 1267 videri,
1018 1223 1056 1260 in
1089 1225 1305 1271 exponenda

190 1295 271 1346 viri¹
297 1295 487 1345 quusdam
510 1293 677 1330 doctrina
700 1292 920 1340 placitorum
947 1292 1193 1340 dispositione
1220 1293 1302 1341 uti,

192 1366 339 1403 aliunde
377 1376 486 1413 quam
521 1363 565 1401 ab
607 1364 691 1411 ipso
725 1361 914 1400 doctrinae
944 1371 1124 1409 auctore,
1151 1374 1189 1400 v.
1216 1374 1253 1401 c.
1282 1374 1302 1401 e

191 1436 397 1474 recentiore
412 1434 572 1482 quodam
592 1433 850 1480 philosophiae
870 1439 1090 1479 systemate,
1116 1432 1300 1472 desumta.

190 1507 272 1544 Hac
299 1506 395 1543 enim
422 1504 564 1542 ratione
589 1514 696 1550 saepe
718 1502 786 1547 fit,
830 1510 870 1538 ut
895 1513 934 1539 ea
959 1501 1123 1538 doctrina
1145 1510 1300 1549 cogatur

190 1576 227 1614 in
252 1584 374 1614 certos
397 1574 574 1621 quosdam
606 1574 737 1618 locos,
776 1571 821 1609 ab
855 1571 1016 1609 auctoris
1053 1580 1173 1608 mente
1192 1573 1300 1620 plane

187 1647 357 1693 alienos,
401 1656 543 1691 eaque,
582 1654 674 1689 quae
712 1643 834 1678 locum
873 1640 946 1678 sibi
972 1640 1198 1688 assignatum
1221 1651 1298 1679 non

187 1718 364 1767 explent,
405 1714 712 1762 quemadmodum
750 1712 788 1748 in
825 1711 889 1748 illo
917 1711 1199 1749 Procrustis
1224 1713 1298 1750 lec-

189 1798 255 1834 to,
281 1786 340 1823 'ad
375 1783 561 1822 definitam
598 1793 802 1819 mensuram
845 1781 1108 1828 protrahantur
1133 1781 1239 1829 quasi
1262 1791 1299 1821 et

189 1856 460 1901 extendantur,
498 1865 539 1890 ea
570 1863 686 1899 vero,
730 1863 823 1900 quae
859 1851 1036 1898 ampliora
1072 1859 1160 1889 sunt
1184 1853 1298 1900 spati-

188 1939 326 1974 umque
353 1925 426 1962 sibi
452 1922 677 1971 assignatum
702 1922 883 1958 excedunt
901 1949 914 1968 ,
942 1929 1176 1969 resecentur,
1205 1922 1299 1960 mul·

186 2007 223 2035 ta
246 1997 331 2034 item
359 1994 636 2038 distrahantur,
676 2003 770 2038 quae
812 1992 849 2028 in
885 1990 1047 2029 auctoris
1076 1999 1196 2028 mente
1220 2002 1297 2029 arc·

185 2067 328 2105 tissime
362 2064 561 2112 conjuncta
601 2070 717 2098 erant.
784 2060 844 2098 Sic
885 2059 963 2097 fieri
1001 2059 1105 2097 aliter
1136 2060 1294 2108 nequit,

184 2137 276 2185 quin
300 2135 360 2172 illa
386 2132 552 2170 doctrina
584 2140 859 2178 componatur,
897 2130 956 2167 vel
994 2129 1125 2178 potius
1163 2129 1295 2167 misere

185 2211 476 2251 contorqueatur
526 2202 569 2238 ad
608 2202 762 2238 alienam
789 2199 972 2237 sentiendi
996 2199 1200 2247 rationem;
1238 2199 1293 2236 sic

183 2282 355 2313 contorta
383 2282 417 2311 et
444 2280 589 2309 nostras
616 2270 781 2318 ipsorum
811 2268 998 2316 cogitandi
1021 2268 1158 2306 formas
1187 2268 1296 2306 indu·

1235 2349 1295 2377 ere
