1487 2625
192 236 242 276 92
412 222 1075 265 COMMENTArto

194 345 300 381 esse,
339 345 411 383 qua
445 341 644 382 praestaret
678 331 922 378 animalibus,
959 333 1079 370 Deum
1105 332 1220 371 etiam
1235 343 1299 372 na-

190 414 304 442 turam
329 403 538 441 rationalem
568 402 751 448 habebat;
790 412 873 439 cum
900 401 979 448 ipse
1006 401 1190 450 sentiret,
1229 403 1297 440 ho-

188 474 284 511 mine
318 473 508 520 indignum
552 484 659 517 8556,
700 480 741 508 ut
778 471 955 518 improbis
995 470 1107 518 magis
1149 469 1294 517 faveat,

186 555 295 592 quam
343 543 500 592 probis,
549 542 631 579 ideo
669 542 776 579 etiam
813 540 1071 587 existimabat,
1112 547 1183 586 τοῖς
1210 544 1294 587 θεοῖς

185 616 223 654 οὐ
258 618 375 656 καλῶς
413 613 535 662 ἔχειν,
587 612 619 649 si
658 622 698 648 ea
732 611 874 648 ratione
906 618 1070 657 agerent.
1144 610 1293 659 Religio

184 683 335 720 omnino
352 682 489 720 excolit
505 682 689 719 hominem
707 708 719 727 ‚
747 690 783 718 et
808 680 965 728 explicat
993 681 1072 729 ejus
1099 676 1292 718 facultates

181 751 413 799 spirituales:
456 752 521 789 sed
557 750 720 788 vicissim
755 751 872 799 maj01·
893 749 1060 788 minorve
1085 750 1212 788 harum
1236 748 1293 788 fa-

182 822 360 859 cultatum
397 820 593 869 explicatio
628 828 709 866 est,
747 831 841 867 quae
871 817 986 866 facit,
1022 828 1064 856 ut
1100 819 1227 868 religio
1253 819 1292 857 in

180 889 306 937 aliquo
339 890 388 927 sit
426 889 701 938 praestantior,
737 898 800 926 aut
839 888 960 926 minus
1007 897 1212 937 praestans.
1240 910 1293 918 —

180 958 237 998 Ut
265 969 385 998 autem
410 959 517 1008 aequi
541 959 656 998 simus
672 986 685 1005 ,
726 958 932 996 addendum
959 966 1014 995 est
1037 959 1131 995 hoc:
1168 955 1290 1005 fines,

179 1040 276 1076 quos
303 1028 445 1067 ratione
474 1040 540 1067 sua
567 1031 669 1068 Deus
695 1028 766 1067 sibi
792 1028 997 1076 proponit,
1033 1036 1122 1066 sunt
1161 1038 1288 1076 parum

178 1099 380 1146 sublimes,
409 1099 524 1147 positi
551 1109 685 1147 nempe
709 1110 752 1135 ex
775 1097 937 1135 Socratis
959 1097 1137 1135 sententia
1163 1097 1200 1134 in
1219 1107 1288 1142 eo,

180 1177 220 1206 ut
245 1168 404 1206 hominis
431 1169 582 1207 utilitati
606 1166 767 1205 sensuali
790 1178 909 1204 rerum
937 1176 1064 1204 natura
1085 1164 1285 1212 inserviat3

178 1246 214 1275 et
238 1238 356 1287 leges,
386 1249 477 1285 quas
504 1238 608 1276 Deus
635 1236 874 1285 praescribit,
901 1246 977 1273 non
1002 1235 1161 1272 animum
1182 1245 1289 1282 spec-

177 1316 279 1354 tant,
306 1308 371 1345 sed
395 1307 557 1345 actiones
586 1314 766 1343 externas.
797 1325 848 1334 —

673 1405 711 1452 §.
753 1406 793 1443 6.

228 1509 308 1547 Cur
324 1518 359 1547 et
377 1506 548 1559 quomodo
570 1507 642 1545 Dii
652 1505 791 1545 colendi
803 1507 891 1544 sint.
921 1504 1029 1554 Quid
1041 1506 1089 1542 sit
1097 1506 1233 1554 pietas.

227 1622 290 1660 Dii
319 1621 465 1658 colendi
501 1628 615 1667 sunt,
660 1619 745 1666 quia
780 1618 853 1667 ipsi
878 1618 1094 1656 hominibus
1120 1617 1157 1654 id
1183 1627 1288 1666 prae-

178 1703 381 1742 ceperunt:
422 1693 537 1741 prima
571 1691 668 1730 enim
704 1700 760 1728 est
791 1690 914 1739 legum
954 1689 1157 1738 ἀγράφων,
1194 1701 1287 1738 quae

174 1764 280 1814 jubet
331 1764 433 1801 Deos
483 1763 620 1799 colere.
682 1760 760 1798 Has
798 1768 917 1797 autem
956 1760 1054 1806 leges
1087 1758 1287 1796 observare

179 1835 382 1879 debemus,
410 1840 451 1869 ut
477 1831 530 1869 sic
562 1841 699 1878 poenas
728 1827 947 1883 effugiamus
964 1856 976 1874 ‚
1005 1836 1041 1864 et
1062 1827 1198 1865 divinis
1223 1827 1287 1864 be-

177 1904 319 1942 neficiis
354 1902 533 1940 fruamur.
586 1900 681 1937 Nam
724 1908 800 1936 non
839 1898 943 1935 aliter
966 1896 1010 1934 ab
1040 1896 1084 1934 iis
1112 1897 1287 1935 beneficia

176 1984 379 2023 possumus
415 1978 654 2019 exspectate,
698 1968 771 2005 nisi
805 1968 909 2017 ipsos
949 1965 1137 2015 propitios
1174 1965 1284 2003 nobis

179 2045 403 2088 habeamus,
441 2040 583 2088 optime
610 2046 731 2076 autem
761 2048 826 2074 eos
852 2036 1039 2084 propitios
1068 2034 1179 2073 nobis
1205 2034 1287 2073 red-

177 2114 297 2152 dimus
324 2123 448 2151 eorum
479 2110 622 2158 legibus
650 2106 940 2155 obtemperando
963 2104 1050 2152 (ι).
1199 2152 1285 2190 Nec

222 2234 271 2273 (ι)
305 2232 405 2265 Mem,
429 2228 490 2260 1v.
513 2239 542 2259 c.
566 2227 597 2259 4.
619 2229 651 2269 §-
679 2235 733 2267 ¹95
758 2235 790 2259 e.
813 2224 845 2255 5.
865 2226 898 2265 §-
919 2232 980 2264 ¹75
1012 2222 1039 2254 1.
1062 2231 1090 2252 e.
1116 2221 1147 2252 4.
1169 2221 1201 2262 §.
1225 2221 1285 2259 ¹35

180 2285 229 2317 11.
251 2296 279 2316 c.
304 2297 332 2317 2-
357 2288 387 2327 §.
411 2283 449 2315 14
469 2282 557 2312 alibi.
