1487 2625
514 199 870 262 MEDICA·
1031 210 1032 214 ,
1212 207 1261 259 8³.

128 305 248 356 priori
280 306 350 346 alia
385 307 591 357 applicatur
613 308 777 357 lamina,
803 308 929 348 itidem
956 320 977 348 e
1001 320 1121 360 cupro
1146 320 1251 351 com·

125 376 274 426 posita,
314 389 408 426 quae
443 389 532 417 vero
559 390 626 427 per
650 378 754 417 filum
792 390 812 417 e
837 379 937 418 ferro
969 380 1123 420 ductum
1158 391 1246 421 cum

122 447 185 486 illa
211 447 417 487 arctissime
446 456 502 486 est
522 449 708 498 jungenda
722 473 738 505 ²
763 460 835 496 ne,
852 449 999 489 laminis
1021 450 1097 500 igni
1120 451 1247 490 admo-

124 518 200 565 tis,
229 519 406 566 quaedam
431 519 565 557 veneni
591 530 675 567 pars
699 519 866 558 nondum
888 519 1146 569 decomposita
1177 528 1246 570 per

121 587 320 635 fissuram,
349 600 444 636 quae
464 589 553 627 alias
577 588 684 626 facile
706 588 802 627 inter
836 597 1031 637 utramque
1056 591 1238 629 lamellam

118 666 312 706 remanet,
339 659 459 698 abeat.
512 658 670 697 Acidum
706 659 960 697 arsenicosum
995 660 1236 709 decomponi-

117 735 179 765 tur
215 736 328 776 atque
353 729 538 766 metallum
567 728 617 766 ita
647 728 863 766 restitutum
901 740 1063 768 crustam
1089 729 1239 769 exhibet

116 796 287 835 laminam
301 807 483 846 tegentem
499 809 654 846 eamque
671 798 927 847 splendentem
944 809 980 838 et
992 800 1152 849 Argenti
1171 812 1237 839 co*

113 867 229 905 lorem
260 867 476 907 referentem
507 871 591 917 (ι).

163 938 348 977 Monente
384 938 412 975 B
428 938 623 977 ostock
660 940 780 978 simile
803 940 1089 989 phaenomenon
1119 939 1233 978 carbo
1276 931 1278 937 ¹

110 1008 334 1056 produceret
355 1009 453 1058 (α),
489 1021 574 1047 cnm
612 1010 726 1047 Doct.
765 1010 920 1057 Beck,
959 1021 1004 1047 ex
1046 1010 1232 1048 sententia

110 1079 307 1118 clarissimi
322 1080 366 1118 M
378 1080 485 1118 εις-Ν
499 1079 510 1116 i
524 1089 610 1117 ven
624 1107 638 1126 ,
653 1079 803 1117 eandem
824 1079 931 1116 etiam
944 1079 1108 1127 oxydum
1124 1078 1235 1117 Zinci

108 1154 275 1188 exserere
300 1149 481 1188 actionem
518 1149 719 1187 contendat
753 1149 837 1199 (3).
906 1148 1063 1197 Saepius
1108 1155 1231 1187 tamen

107 1219 289 1268 repetito,
316 1231 401 1258 cum
424 1220 508 1257 solo
538 1219 712 1257 Carbone
729 1247 741 1265 ‚
769 1218 1024 1267 experimento
1042 1246 1056 1266 ,
1071 1219 1230 1257 similem

105 1289 269 1327 colorem
299 1298 411 1337 atque
440 1290 674 1337 splendorem
697 1299 908 1339 argenteum
942 1289 1101 1328 excitare
1137 1286 1228 1328 mihi

104 1369 179 1397 non
218 1359 390 1407 contigit.
445 1359 694 1397 Monentibus
729 1358 970 1397 Sartorio
1011 1368 1049 1397 et
1087 1360 1228 1398 Mon⁴

106 1428 131 1466 h
144 1427 234 1466 eim
247 1429 292 1465 io
319 1437 444 1466 crusta
457 1457 470 1476 ‚
487 1436 581 1476 quae
603 1429 788 1467 Arsenico
804 1428 1029 1476 producitur
1043 1456 1056 1475 ,
1073 1429 1118 1466 ab
1135 1429 1196 1466 illa
1210 1453 1224 1476 ,

103 1508 212 1545 quam
240 1498 521 1548 Hydrargyrum
551 1499 714 1547 excitat,
740 1498 790 1536 ita
815 1497 1004 1545 differret,
1044 1507 1087 1536 ut
1121 1499 1225 1538 illius·

100 1569 207 1606 color
236 1570 401 1618 Argento
430 1569 544 1619 magis
577 1578 674 1608 esset
704 1568 833 1608 similis
850 1596 864 1615 ‚
892 1569 1004 1618 hujus
1031 1579 1122 1606 vero
1148 1580 1223 1607 ma-

106 1633 164 1681 gis
197 1634 243 1671 ad
264 1635 685 1673 caeruleumraccederet
721 1633 891 1682 chalybis
927 1633 1107 1670 colorem.
1160 1633 1224 1671 In-

101 1715 215 1752 super
242 1713 362 1742 autem
387 1705 526 1743 macula
543 1733 556 1751 ‚
583 1716 676 1752 quae
714 1696 958 1753 Hydrargyro
990 1702 1136 1749 oritur,
1164 1713 1222 1739 ca·

108 1774 199 1813 loris
226 1785 298 1823 ope
319 1774 426 1813 facile
460 1775 690 1823 dispareret,
718 1774 843 1812 relicta
868 1773 990 1822 Cupri
1025 1771 1224 1820 superficie

100 1855 257 1893 aspera,
287 1856 447 1892 quorum
482 1844 708 1883 contrarium
733 1844 947 1890 obtineret,
975 1842 1008 1881 si
1036 1843 1219 1881 Arsenico

1181 1918 1222 1949 ea

138 1974 368 2017 (1)Diilk‚
405 1977 429 2007 l.
454 1987 483 2007 c·
506 1977 577 2009 108.
598 1977 651 2007 Cf.
674 1975 903 2011 Richter,
926 1973 949 2003 l.
973 1985 1003 2005 c.
1026 1984 1060 2013 p·
1085 1984 1158 2015 701·
1178 1989 1217 1997 -

98 2029 453 2067 Christison,l.
477 2040 507 2062 c.
528 2040 562 2068 p.
585 2029 656 2061 258·
681 2046 718 2054 -·
741 2027 1003 2060 Sartorius
1025 2039 1057 2057 u.
1093 2026 1219 2056 Mon·-

98 2081 239 2119 heim,
261 2083 286 2114 l.
313 2094 342 2114 c·
369 2094 400 2122 p.
425 2082 474 2115 65.

133 2138 188 2178 (2)
210 2137 331 2167 Edinb.
353 2137 514 2168 med-and.
538 2136 661 2178 sur-gic-
673 2136 796 2167 Journ.
818 2134 859 2164 V.
876 2143 946 2175 ¹72·
969 2133 1022 2163 Cf.
1044 2133 1071 2163 C
1086 2132 1106 2162 h
1122 2133 1161 2162 ri
1177 2144 1214 2162 sa

95 2188 161 2218 tis
177 2199 254 2226 on,
277 2189 359 2224 ibid.

130 2241 185 2287 (5)
208 2244 356 2276 Medic-al
385 2244 641 2285 Jurisprudence
657 2263 666 2280 ,
698 2242 771 2274 412.
805 2241 857 2272 Cf.
894 2240 920 2271 C
935 2239 954 2270 h
971 2240 1039 2270 ris
1055 2239 1092 2269 ti
1108 2249 1204 2277 son.

98 2295 179 2327 ibid.

619 2350 648 2387 F
676 2361 697 2386 2
