1487 2625
380 247 971 287 THEOLOGICA.
1159 261 1230 298 109

132 366 196 396 aut
225 356 412 404 corrumpi
436 356 571 404 possit.
625 356 815 404 Plerisque
843 367 919 396 turn
949 358 1053 396 Deus
1078 357 1236 396 habeba-

134 436 197 465 tur
246 425 350 474 quasi
383 426 497 463 homo
533 424 625 463 levis
677 434 712 463 et
746 425 991 472 inconstans,
1029 426 1091 464 cui
1125 428 1236 465 modo

137 496 210 534 hoc
225 523 239 542 ‚
275 496 385 534 modo
426 495 518 533 illud
542 495 700 543 placeret
716 523 729 542 ,
766 496 830 543 qui
855 507 971 544 aeque
993 496 1242 536 facile-homi-

138 564 252 603 nibus
279 573 536 611 succenseret,
564 573 600 602 et
624 565 730 602 donis
755 565 940 613 propitius
963 567 1190 606 redderetur.

190 635 413 673 Socratis
458 636 503 673 de
543 634 654 672 rebus
690 635 826 674 divinis
859 635 1025 674 doctrina
1059 636 1245 683 ducebat,

142 712 183 742 ut
221 703 407 752 vidimus,
447 705 490 742 ad
526 704 701 743 virtutem
728 704 901 743 civilem:
945 706 1011 743 sed
1048 705 1087 744 id
1118 706 1243 754 ipsum

143 785 188 812 eo
210 782 379 823 tempore
414 775 486 823 jam
514 785 684 822 magnum
711 783 802 813 erat.
869 774 970 813 Tum
994 773 1247 823 Sophistae

143 852 307 883 evertere
341 844 566 892 studebant,
608 855 643 883 et
678 846 776 894 apud
811 846 1017 893 permultos
1051 847 1122 894 J'am
1148 857 1251 884 ever·
1282 853 1285 856 '

145 921 264 952 terant
301 913 450 952 virtutis
474 923 510 953 et
536 915 695 953 civitatis
725 915 977 954 fundamenta.
1032 915 1249 966 Socrates

146 994 188 1022 ea
213 984 431 1023 restituebat
457 994 492 1022 et
518 985 783 1033 confirmabat3
821 987 873 1024 illi
908 986 1030 1034 legum
1055 994 1250 1035 praecepta

145 1062 184 1092 et
218 1053 409 1092 hominum
437 1054 531 1091 inter
554 1065 594 1093 se
616 1055 733 1093 officia
760 1065 840 1093 orta
861 1067 942 1093 esse
966 1055 1165 1103 dicebant,
1192 1056 1251 1093 vel

145 1135 236 1161 casu
253 1122 480 1162 diuturnavc
496 1123 754 1162 consuetudine
766 1153 778 1172 ‚
806 1126 865 1163 vel
879 1125 1131 1174 legislatorum
1146 1134 1256 1164 arte:

147 1191 208 1230 hic
235 1202 275 1230 ea
298 1194 487 1241 repetebat
504 1206 523 1231 a
544 1194 671 1232 divino
693 1194 882 1242 Numine,
911 1204 946 1234 et
972 1195 1147 1235 vindicari
1160 1207 1256 1233 sern-

148 1272 216 1308 per
236 1261 281 1298 ab
306 1273 350 1299 eo
376 1258 535 1302 dicebat.

204 1330 309 1369 Talis
324 1331 479 1370 divinae
502 1341 651 1371 naturae
679 1335 783 1372 notio
806 1345 882 1372 non
910 1344 1056 1383 poterat
1079 1346 1181 1382 non,
1211 1346 1254 1372 eo

152 1407 346 1449 tempore,
375 1413 486 1449 quam
513 1402 666 1441 maxime
690 1404 883 1451 prodesse.
939 1405 979 1443 Si
1008 1405 1058 1443 ita
1086 1404 1256 1443 sublimis

153 1468 316 1517 fuisset,
355 1483 396 1509 ac
429 1471 627 1511 Platonica
664 1473 708 1511 de
745 1473 855 1512 rebus
888 1474 1038 1513 Divinis
1064 1474 1258 1521 doctrina,

150 1541 262 1589 longe
300 1540 421 1579 minus
459 1542 678 1590 profuisset.
734 1543 833 1582 Tum
863 1545 1067 1584 inscholis
1090 1543 1260 1593 philoso-

155 1610 315 1657 phorum
340 1611 562 1658 mansisset,
601 1623 667 1649 nec
695 1621 796 1651 extra
822 1625 880 1651 eas
907 1614 983 1652 vim
1012 1613 1260 1652 exseruisset:

154 1689 252 1716 nunc
298 1679 337 1717 in
372 1680 482 1719 vitam
527 1682 713 1729 publicam
750 1683 823 1721 vim
857 1684 1011 1731 habuit,
1053 1694 1090 1735 et
1123 1685 1261 1722 multos

154 1749 307 1786 adduxit
330 1750 375 1786 ad
397 1752 587 1789 colendam
606 1780 618 1798 ‚
657 1753 688 1790 si
711 1764 788 1791 non
809 1766 938 1802 puram
958 1756 1263 1804 religiosamque,

155 1827 256 1856 certe
302 1819 446 1857 civilem
483 1821 686 1867 virtutemg,
721 1832 761 1861 ut
797 1824 850 1861 sic
885 1824 1082 1871 aliquando
1119 1825 1164 1863 ad
1195 1836 1264 1872 pu·

158 1887 289 1926 riorem
352 1898 388 1926 et
433 1891 648 1939 religionem
698 1903 733 1930 et
773 1895 948 1932 virtutem
1000 1895 1129 1932 adduci
1177 1905 1265 1941 pos·

159 1966 256 1995 sent.
309 1958 371 1996 Sic
396 1959 432 1996 in
462 1960 650 1998 Socrate
676 1962 845 2000 videmus
862 1992 874 2009 ‚
920 1975 1028 2011 quam
1049 1974 1136 2002 vere
1163 1964 1267 2002 Cle·

108 2039 110 2041 ·
159 2038 282 2065 mens
320 2029 704 2079 Alexandrinus,
742 2033 875 2070 Pauli
913 2035 1066 2084 apostoli
1106 2042 1264 2071 mentem

159 2097 367 2144 exprimens
388 2126 400 2145 ‚
426 2099 557 2137 dixerit
598 2102 727 2150 (cujus
771 2102 895 2139 verbis
926 2103 998 2151 J'am
1038 2113 1080 2140 ut
1116 2103 1267 2150 symbolo

160 2168 269 2215 utor)
292 2180 301 2205 τ
342 2196 364 2215 „
393 2167 664 2218 Ἐπαιῖαιγώγει
699 2174 719 2217 ἦ
753 2174 951 2221 φιλοσοφίαι
972 2175 1012 2212 τὸ
1037 2175 1268 2218 Ἑλληνικὸν,

164 2263 188 2282 „
213 2241 256 2281 ὡς
280 2241 295 2277 ὁ
322 2240 420 2286 νόμος
445 2243 742 2290 τοὺςἙβροιίσυς,
771 2244 819 2286 εἷς
843 2242 1032 2290 Χριστόν.”
1060 2243 1266 2291 (δινοιηῑιί,.

160 2307 192 2345 Ι.
223 2310 308 2346 282.
339 2307 503 2346 editionis
532 2310 743 2359 Sylbmgi).

1186 2393 1272 2430 IN-
