<?xml version="1.0" encoding="UTF-8"?>
<!DOCTYPE html PUBLIC "-//W3C//DTD XHTML 1.0 Transitional//EN"
    "http://www.w3.org/TR/xhtml1/DTD/xhtml1-transitional.dtd">
<html xmlns="http://www.w3.org/1999/xhtml" xml:lang="en" lang="en">
 <head>
  <title>
</title>
<meta http-equiv="Content-Type" content="text/html;charset=utf-8" />
  <meta name='ocr-system' content='tesseract 3.04.00' />
  <meta name='ocr-capabilities' content='ocr_page ocr_carea ocr_par ocr_line ocrx_word'/>
</head>
<body>
  <div class='ocr_page' id='page_1' title='image "annalesacademiae35rhen_0443.png"; bbox 0 0 1487 2625; ppageno 0'>
   <div class='ocr_carea' id='block_1_1' title="bbox 411 221 1250 274">
    <p class='ocr_par' dir='ltr' id='par_1_1' title="bbox 411 221 1250 274">
     <span class='ocr_line' id='line_1_1' title="bbox 411 221 1250 274; baseline 0.004 -14"><span class='ocrx_word' id='word_1_1' title='bbox 411 221 1006 263; x_wconf 52' lang='lat' dir='ltr'><strong>THEOLoGICm</strong></span> <span class='ocrx_word' id='word_1_2' title='bbox 1202 233 1250 274; x_wconf 52' lang='grc' dir='ltr'>ω</span> 
     </span>
    </p>
   </div>
   <div class='ocr_carea' id='block_1_2' title="bbox 149 332 1263 940">
    <p class='ocr_par' dir='ltr' id='par_1_2' title="bbox 149 332 1260 872">
     <span class='ocr_line' id='line_1_2' title="bbox 199 332 1252 381; baseline 0.002 -10"><span class='ocrx_word' id='word_1_3' title='bbox 199 333 281 372; x_wconf 90' lang='lat' dir='ltr'><strong>Nec</strong></span> <span class='ocrx_word' id='word_1_4' title='bbox 315 332 471 371; x_wconf 88' lang='lat' dir='ltr'><strong>retinere</strong></span> <span class='ocrx_word' id='word_1_5' title='bbox 504 343 573 370; x_wconf 86' lang='lat' dir='ltr'><strong>nos</strong></span> <span class='ocrx_word' id='word_1_6' title='bbox 611 332 740 371; x_wconf 87' lang='lat' dir='ltr'><strong>debere</strong></span> <span class='ocrx_word' id='word_1_7' title='bbox 774 345 794 371; x_wconf 92' lang='lat' dir='ltr'><strong>a</strong></span> <span class='ocrx_word' id='word_1_8' title='bbox 822 334 925 372; x_wconf 88' lang='lat' dir='ltr'><strong>cultu</strong></span> <span class='ocrx_word' id='word_1_9' title='bbox 949 332 1034 372; x_wconf 88' lang='lat' dir='ltr'><strong>Diis</strong></span> <span class='ocrx_word' id='word_1_10' title='bbox 1063 342 1252 381; x_wconf 85' lang='lat' dir='ltr'><strong>praestan-</strong></span> 
     </span>
     <span class='ocr_line' id='line_1_3' title="bbox 149 402 1252 450; baseline 0.002 -9"><span class='ocrx_word' id='word_1_11' title='bbox 149 405 230 450; x_wconf 88' lang='lat' dir='ltr'><strong>do,</strong></span> <span class='ocrx_word' id='word_1_12' title='bbox 275 402 505 441; x_wconf 86' lang='lat' dir='ltr'><strong>existimabat</strong></span> <span class='ocrx_word' id='word_1_13' title='bbox 542 403 791 450; x_wconf 83' lang='lat' dir='ltr'><strong>Socrates,</strong></span> <span class='ocrx_word' id='word_1_14' title='bbox 841 402 1077 442; x_wconf 85' lang='lat' dir='ltr'><strong>excellentiae</strong></span> <span class='ocrx_word' id='word_1_15' title='bbox 1124 415 1252 443; x_wconf 87' lang='lat' dir='ltr'><strong>eorum</strong></span> 
     </span>
     <span class='ocr_line' id='line_1_4' title="bbox 149 472 1252 522; baseline 0.001 -10"><span class='ocrx_word' id='word_1_16' title='bbox 149 472 409 522; x_wconf 85' lang='lat' dir='ltr'><strong>cogitationem</strong></span> <span class='ocrx_word' id='word_1_17' title='bbox 430 500 444 519; x_wconf 87' lang='lat'><strong>‚</strong></span> <span class='ocrx_word' id='word_1_18' title='bbox 505 483 577 520; x_wconf 87' lang='lat' dir='ltr'><strong>qua</strong></span> <span class='ocrx_word' id='word_1_19' title='bbox 622 482 797 521; x_wconf 88' lang='lat' dir='ltr'><strong>putemus</strong></span> <span class='ocrx_word' id='word_1_20' title='bbox 814 499 827 519; x_wconf 91' lang='lat'><em>‚</em></span> <span class='ocrx_word' id='word_1_21' title='bbox 879 481 1049 511; x_wconf 86' lang='lat' dir='ltr'><strong>naturam</strong></span> <span class='ocrx_word' id='word_1_22' title='bbox 1090 472 1252 513; x_wconf 87' lang='lat' dir='ltr'><strong>divinam</strong></span> 
     </span>
     <span class='ocr_line' id='line_1_5' title="bbox 149 542 1256 591; baseline 0 -10"><span class='ocrx_word' id='word_1_23' title='bbox 149 543 451 591; x_wconf 87' lang='lat' dir='ltr'><strong>praestantiorem</strong></span> <span class='ocrx_word' id='word_1_24' title='bbox 493 553 601 588; x_wconf 85' lang='lat' dir='ltr'><strong>esse,</strong></span> <span class='ocrx_word' id='word_1_25' title='bbox 639 554 747 590; x_wconf 78' lang='lat' dir='ltr'><strong>quarn</strong></span> <span class='ocrx_word' id='word_1_26' title='bbox 784 550 825 580; x_wconf 90' lang='lat' dir='ltr'><strong>ut</strong></span> <span class='ocrx_word' id='word_1_27' title='bbox 851 542 1176 582; x_wconf 87' lang='lat' dir='ltr'><strong>hominum.cultu</strong></span> <span class='ocrx_word' id='word_1_28' title='bbox 1199 543 1256 581; x_wconf 88' lang='lat' dir='ltr'><strong>in-</strong></span> 
     </span>
     <span class='ocr_line' id='line_1_6' title="bbox 151 611 1260 661; baseline 0.002 -11"><span class='ocrx_word' id='word_1_29' title='bbox 151 612 286 661; x_wconf 89' lang='lat' dir='ltr'><strong>digeat.</strong></span> <span class='ocrx_word' id='word_1_30' title='bbox 341 612 436 650; x_wconf 89' lang='lat' dir='ltr'><strong>Nam</strong></span> <span class='ocrx_word' id='word_1_31' title='bbox 470 623 546 650; x_wconf 88' lang='lat' dir='ltr'><strong>eam</strong></span> <span class='ocrx_word' id='word_1_32' title='bbox 592 612 691 650; x_wconf 84' lang='lat' dir='ltr'><strong>nulla</strong></span> <span class='ocrx_word' id='word_1_33' title='bbox 722 611 869 659; x_wconf 89' lang='lat' dir='ltr'><strong>quidem</strong></span> <span class='ocrx_word' id='word_1_34' title='bbox 911 623 950 650; x_wconf 87' lang='lat' dir='ltr'><strong>re</strong></span> <span class='ocrx_word' id='word_1_35' title='bbox 977 611 1166 661; x_wconf 85' lang='lat' dir='ltr'><strong>indigere,</strong></span> <span class='ocrx_word' id='word_1_36' title='bbox 1193 615 1260 652; x_wconf 90' lang='lat' dir='ltr'><strong>sed</strong></span> 
     </span>
     <span class='ocr_line' id='line_1_7' title="bbox 154 681 1260 729; baseline 0 -8"><span class='ocrx_word' id='word_1_37' title='bbox 154 692 274 721; x_wconf 88' lang='lat' dir='ltr'><strong>tamen</strong></span> <span class='ocrx_word' id='word_1_38' title='bbox 310 683 497 721; x_wconf 85' lang='lat' dir='ltr'><strong>colendam</strong></span> <span class='ocrx_word' id='word_1_39' title='bbox 533 692 640 727; x_wconf 87' lang='lat' dir='ltr'><strong>esse,</strong></span> <span class='ocrx_word' id='word_1_40' title='bbox 694 681 803 729; x_wconf 85' lang='lat' dir='ltr'><strong>quia,</strong></span> <span class='ocrx_word' id='word_1_41' title='bbox 850 681 920 720; x_wconf 91' lang='lat' dir='ltr'><strong>etsi</strong></span> <span class='ocrx_word' id='word_1_42' title='bbox 954 681 1260 721; x_wconf 86' lang='lat' dir='ltr'><strong>excellentissima</strong></span> 
     </span>
     <span class='ocr_line' id='line_1_8' title="bbox 156 752 1260 800; baseline 0.001 -10"><span class='ocrx_word' id='word_1_43' title='bbox 156 753 233 799; x_wconf 89' lang='lat' dir='ltr'><strong>sit,</strong></span> <span class='ocrx_word' id='word_1_44' title='bbox 273 762 308 791; x_wconf 90' lang='lat' dir='ltr'><strong>et</strong></span> <span class='ocrx_word' id='word_1_45' title='bbox 344 753 521 790; x_wconf 86' lang='lat' dir='ltr'><strong>immense</strong></span> <span class='ocrx_word' id='word_1_46' title='bbox 560 763 670 800; x_wconf 85' lang='lat' dir='ltr'><strong>supra</strong></span> <span class='ocrx_word' id='word_1_47' title='bbox 700 762 771 790; x_wconf 90' lang='lat' dir='ltr'><strong>nos</strong></span> <span class='ocrx_word' id='word_1_48' title='bbox 795 752 913 799; x_wconf 83' lang='lat' dir='ltr'><strong>elata,</strong></span> <span class='ocrx_word' id='word_1_49' title='bbox 940 761 1062 790; x_wconf 89' lang='lat' dir='ltr'><strong>tamen</strong></span> <span class='ocrx_word' id='word_1_50' title='bbox 1087 752 1178 790; x_wconf 89' lang='lat' dir='ltr'><strong>velit</strong></span> <span class='ocrx_word' id='word_1_51' title='bbox 1201 763 1260 791; x_wconf 91' lang='lat' dir='ltr'><strong>res</strong></span> 
     </span>
     <span class='ocr_line' id='line_1_9' title="bbox 156 820 1159 872; baseline 0.001 -12"><span class='ocrx_word' id='word_1_52' title='bbox 156 822 332 860; x_wconf 84' lang='lat' dir='ltr'><strong>humanas</strong></span> <span class='ocrx_word' id='word_1_53' title='bbox 358 833 509 868; x_wconf 85' lang='lat' dir='ltr'><strong>curare,</strong></span> <span class='ocrx_word' id='word_1_54' title='bbox 538 829 573 859; x_wconf 88' lang='lat' dir='ltr'><strong>et</strong></span> <span class='ocrx_word' id='word_1_55' title='bbox 599 832 669 859; x_wconf 88' lang='lat' dir='ltr'><strong>nos</strong></span> <span class='ocrx_word' id='word_1_56' title='bbox 696 820 882 859; x_wconf 84' lang='lat' dir='ltr'><strong>beneficiis</strong></span> <span class='ocrx_word' id='word_1_57' title='bbox 909 821 1049 859; x_wconf 88' lang='lat' dir='ltr'><strong>afficere</strong></span> <span class='ocrx_word' id='word_1_58' title='bbox 1073 821 1159 872; x_wconf 84' lang='lat'>(1).</span> 
     </span>
    </p>

    <p class='ocr_par' dir='ltr' id='par_1_3' title="bbox 208 890 1263 940">
     <span class='ocr_line' id='line_1_10' title="bbox 208 890 1263 940; baseline 0.003 -11"><span class='ocrx_word' id='word_1_59' title='bbox 208 891 413 940; x_wconf 87' lang='lat' dir='ltr'><strong>Quomodo</strong></span> <span class='ocrx_word' id='word_1_60' title='bbox 441 898 562 929; x_wconf 82' lang='lat' dir='ltr'><strong>autem</strong></span> <span class='ocrx_word' id='word_1_61' title='bbox 600 891 663 930; x_wconf 90' lang='lat' dir='ltr'><strong>Dii</strong></span> <span class='ocrx_word' id='word_1_62' title='bbox 700 890 845 929; x_wconf 89' lang='lat' dir='ltr'><strong>colendi</strong></span> <span class='ocrx_word' id='word_1_63' title='bbox 866 892 987 930; x_wconf 75' lang='lat' dir='ltr'><strong>sunt?</strong></span> <span class='ocrx_word' id='word_1_64' title='bbox 1041 892 1263 932; x_wconf 84' lang='lat' dir='ltr'><strong>Socrates</strong></span> 
     </span>
    </p>
   </div>
   <div class='ocr_carea' id='block_1_3' title="bbox 157 963 1274 2057">
    <p class='ocr_par' dir='ltr' id='par_1_4' title="bbox 157 963 1274 2057">
     <span class='ocr_line' id='line_1_11' title="bbox 157 963 1262 1014; baseline 0 -10"><span class='ocrx_word' id='word_1_65' title='bbox 157 977 303 1014; x_wconf 87' lang='lat' dir='ltr'><strong>semper</strong></span> <span class='ocrx_word' id='word_1_66' title='bbox 337 965 518 1011; x_wconf 88' lang='lat' dir='ltr'><strong>docebat,</strong></span> <span class='ocrx_word' id='word_1_67' title='bbox 555 977 620 1003; x_wconf 87' lang='lat' dir='ltr'><strong>eos</strong></span> <span class='ocrx_word' id='word_1_68' title='bbox 639 968 641 971; x_wconf 86' lang='lat'>&#39;</span> <span class='ocrx_word' id='word_1_69' title='bbox 662 965 837 1003; x_wconf 91' lang='lat' dir='ltr'><strong>colendos</strong></span> <span class='ocrx_word' id='word_1_70' title='bbox 870 976 950 1003; x_wconf 90' lang='lat' dir='ltr'><strong>esse</strong></span> <span class='ocrx_word' id='word_1_71' title='bbox 984 963 1075 1012; x_wconf 75' lang='grc' dir='ltr'><em>νόμῳ</em></span> <span class='ocrx_word' id='word_1_72' title='bbox 1099 963 1262 1009; x_wconf 78' lang='grc' dir='ltr'><em>πόλεως,</em></span> 
     </span>
     <span class='ocr_line' id='line_1_12' title="bbox 158 1033 1267 1085; baseline -0.001 -12"><span class='ocrx_word' id='word_1_73' title='bbox 158 1036 235 1085; x_wconf 77' lang='lat' dir='ltr'><strong>lega</strong></span> <span class='ocrx_word' id='word_1_74' title='bbox 256 1037 436 1074; x_wconf 75' lang='lat' dir='ltr'><strong>civitatis.</strong></span> <span class='ocrx_word' id='word_1_75' title='bbox 473 1058 524 1066; x_wconf 91' lang='lat'><strong>—</strong></span> <span class='ocrx_word' id='word_1_76' title='bbox 562 1034 647 1084; x_wconf 85' lang='lat' dir='ltr'><strong>Qua</strong></span> <span class='ocrx_word' id='word_1_77' title='bbox 686 1034 725 1071; x_wconf 89' lang='lat' dir='ltr'><strong>in</strong></span> <span class='ocrx_word' id='word_1_78' title='bbox 758 1044 798 1072; x_wconf 87' lang='lat' dir='ltr'><strong>re</strong></span> <span class='ocrx_word' id='word_1_79' title='bbox 838 1033 1011 1072; x_wconf 83' lang='lat' dir='ltr'><strong>utebatur</strong></span> <span class='ocrx_word' id='word_1_80' title='bbox 1047 1034 1267 1073; x_wconf 88' lang='lat' dir='ltr'><strong>auctoritate</strong></span> 
     </span>
     <span class='ocr_line' id='line_1_13' title="bbox 159 1101 1266 1154; baseline -0.001 -13"><span class='ocrx_word' id='word_1_81' title='bbox 159 1103 403 1151; x_wconf 89' lang='lat' dir='ltr'><strong>Apollinis</strong></span> <span class='ocrx_word' id='word_1_82' title='bbox 429 1103 601 1154; x_wconf 81' lang='lat' dir='ltr'><strong>Delphici</strong></span> <span class='ocrx_word' id='word_1_83' title='bbox 614 1114 628 1137; x_wconf 94' lang='lat'><strong>.·</strong></span> <span class='ocrx_word' id='word_1_84' title='bbox 654 1113 736 1139; x_wconf 85' lang='lat' dir='ltr'><strong>nam</strong></span> <span class='ocrx_word' id='word_1_85' title='bbox 763 1101 862 1140; x_wconf 88' lang='lat' dir='ltr'><strong>hunc</strong></span> <span class='ocrx_word' id='word_1_86' title='bbox 879 1130 892 1149; x_wconf 92' lang='lat'><strong>,</strong></span> <span class='ocrx_word' id='word_1_87' title='bbox 920 1102 952 1140; x_wconf 87' lang='lat' dir='ltr'><strong>si</strong></span> <span class='ocrx_word' id='word_1_88' title='bbox 978 1101 1064 1149; x_wconf 87' lang='lat' dir='ltr'><strong>quis</strong></span> <span class='ocrx_word' id='word_1_89' title='bbox 1091 1110 1266 1149; x_wconf 86' lang='lat' dir='ltr'><strong>rogaret,</strong></span> 
     </span>
     <span class='ocr_line' id='line_1_14' title="bbox 160 1172 1267 1221; baseline 0 -11"><span class='ocrx_word' id='word_1_90' title='bbox 160 1173 350 1220; x_wconf 86' lang='lat' dir='ltr'><strong>quomodo</strong></span> <span class='ocrx_word' id='word_1_91' title='bbox 387 1183 428 1210; x_wconf 89' lang='lat' dir='ltr'><strong>se</strong></span> <span class='ocrx_word' id='word_1_92' title='bbox 462 1172 546 1210; x_wconf 89' lang='lat' dir='ltr'><strong>Diis</strong></span> <span class='ocrx_word' id='word_1_93' title='bbox 586 1180 777 1219; x_wconf 87' lang='lat' dir='ltr'><strong>acceptum</strong></span> <span class='ocrx_word' id='word_1_94' title='bbox 810 1173 960 1211; x_wconf 87' lang='lat' dir='ltr'><strong>reddere</strong></span> <span class='ocrx_word' id='word_1_95' title='bbox 1001 1181 1160 1221; x_wconf 88' lang='lat' dir='ltr'><strong>posset,</strong></span> <span class='ocrx_word' id='word_1_96' title='bbox 1211 1183 1267 1210; x_wconf 88' lang='lat' dir='ltr'><strong>re-</strong></span> 
     </span>
     <span class='ocr_line' id='line_1_15' title="bbox 158 1241 1268 1291; baseline 0.002 -12"><span class='ocrx_word' id='word_1_97' title='bbox 158 1242 365 1290; x_wconf 87' lang='lat' dir='ltr'><strong>spondere:</strong></span> <span class='ocrx_word' id='word_1_98' title='bbox 395 1241 471 1291; x_wconf 79' lang='lat' dir='ltr'><strong>lege</strong></span> <span class='ocrx_word' id='word_1_99' title='bbox 492 1242 659 1280; x_wconf 72' lang='lat' dir='ltr'><strong>civitatis</strong></span> <span class='ocrx_word' id='word_1_100' title='bbox 681 1241 766 1289; x_wconf 78' lang='lat'><strong>(2).</strong></span> <span class='ocrx_word' id='word_1_101' title='bbox 818 1242 903 1289; x_wconf 91' lang='lat' dir='ltr'><strong>Ipse</strong></span> <span class='ocrx_word' id='word_1_102' title='bbox 923 1253 1101 1290; x_wconf 89' lang='lat' dir='ltr'><strong>quoque,</strong></span> <span class='ocrx_word' id='word_1_103' title='bbox 1128 1241 1167 1281; x_wconf 88' lang='lat' dir='ltr'><strong>in</strong></span> <span class='ocrx_word' id='word_1_104' title='bbox 1187 1254 1268 1280; x_wconf 90' lang='lat' dir='ltr'><strong>om·-</strong></span> 
     </span>
     <span class='ocr_line' id='line_1_16' title="bbox 159 1310 1269 1360; baseline 0.002 -11"><span class='ocrx_word' id='word_1_105' title='bbox 159 1310 270 1349; x_wconf 90' lang='lat' dir='ltr'><strong>nibus</strong></span> <span class='ocrx_word' id='word_1_106' title='bbox 295 1310 405 1349; x_wconf 89' lang='lat' dir='ltr'><strong>rebus</strong></span> <span class='ocrx_word' id='word_1_107' title='bbox 429 1311 540 1348; x_wconf 87' lang='lat' dir='ltr'><strong>sacris</strong></span> <span class='ocrx_word' id='word_1_108' title='bbox 555 1338 569 1357; x_wconf 83' lang='lat'><strong>‚</strong></span> <span class='ocrx_word' id='word_1_109' title='bbox 608 1311 831 1358; x_wconf 88' lang='lat' dir='ltr'><strong>sequebatur</strong></span> <span class='ocrx_word' id='word_1_110' title='bbox 856 1311 1022 1351; x_wconf 87' lang='lat' dir='ltr'><strong>civitatis</strong></span> <span class='ocrx_word' id='word_1_111' title='bbox 1047 1313 1190 1360; x_wconf 87' lang='lat' dir='ltr'><strong>legem;</strong></span> <span class='ocrx_word' id='word_1_112' title='bbox 1230 1321 1269 1351; x_wconf 87' lang='lat' dir='ltr'><strong>et</strong></span> 
     </span>
     <span class='ocr_line' id='line_1_17' title="bbox 160 1379 1270 1429; baseline 0.001 -10"><span class='ocrx_word' id='word_1_113' title='bbox 160 1391 226 1419; x_wconf 91' lang='lat' dir='ltr'><strong>eos</strong></span> <span class='ocrx_word' id='word_1_114' title='bbox 246 1407 260 1426; x_wconf 91' lang='lat'>‚</span> <span class='ocrx_word' id='word_1_115' title='bbox 298 1379 363 1426; x_wconf 88' lang='lat' dir='ltr'><strong>qui</strong></span> <span class='ocrx_word' id='word_1_116' title='bbox 400 1390 506 1417; x_wconf 91' lang='lat' dir='ltr'><strong>secus</strong></span> <span class='ocrx_word' id='word_1_117' title='bbox 541 1379 728 1427; x_wconf 84' lang='lat' dir='ltr'><strong>agebant,</strong></span> <span class='ocrx_word' id='word_1_118' title='bbox 767 1379 1002 1419; x_wconf 88' lang='lat' dir='ltr'><strong>existimabat</strong></span> <span class='ocrx_word' id='word_1_119' title='bbox 1035 1392 1117 1419; x_wconf 90' lang='lat' dir='ltr'><strong>esse</strong></span> <span class='ocrx_word' id='word_1_120' title='bbox 1147 1382 1270 1429; x_wconf 86' lang='lat' dir='ltr'><strong>ultra,</strong></span> 
     </span>
     <span class='ocr_line' id='line_1_18' title="bbox 162 1449 1269 1501; baseline 0 -14"><span class='ocrx_word' id='word_1_121' title='bbox 162 1461 281 1497; x_wconf 87' lang='lat' dir='ltr'><strong>quam</strong></span> <span class='ocrx_word' id='word_1_122' title='bbox 297 1461 362 1497; x_wconf 88' lang='lat' dir='ltr'><strong>par</strong></span> <span class='ocrx_word' id='word_1_123' title='bbox 384 1459 469 1496; x_wconf 87' lang='lat' dir='ltr'><strong>est,</strong></span> <span class='ocrx_word' id='word_1_124' title='bbox 507 1449 678 1487; x_wconf 87' lang='lat' dir='ltr'><strong>curiosos</strong></span> <span class='ocrx_word' id='word_1_125' title='bbox 711 1458 747 1487; x_wconf 89' lang='lat' dir='ltr'><strong>et</strong></span> <span class='ocrx_word' id='word_1_126' title='bbox 774 1460 889 1488; x_wconf 90' lang='lat' dir='ltr'><strong>vanos</strong></span> <span class='ocrx_word' id='word_1_127' title='bbox 912 1450 997 1500; x_wconf 85' lang='lat'><strong>(3).</strong></span> <span class='ocrx_word' id='word_1_128' title='bbox 1048 1451 1155 1501; x_wconf 83' lang='lat' dir='ltr'><strong>Quae</strong></span> <span class='ocrx_word' id='word_1_129' title='bbox 1183 1463 1269 1490; x_wconf 41' lang='lat' dir='ltr'><strong>sen,</strong></span> 
     </span>
     <span class='ocr_line' id='line_1_19' title="bbox 161 1517 1268 1569; baseline -0.001 -12"><span class='ocrx_word' id='word_1_130' title='bbox 161 1520 301 1565; x_wconf 88' lang='lat' dir='ltr'><strong>tentia,</strong></span> <span class='ocrx_word' id='word_1_131' title='bbox 339 1518 411 1557; x_wconf 89' lang='lat' dir='ltr'><strong>etsi</strong></span> <span class='ocrx_word' id='word_1_132' title='bbox 444 1530 520 1557; x_wconf 89' lang='lat' dir='ltr'><strong>eam</strong></span> <span class='ocrx_word' id='word_1_133' title='bbox 561 1517 801 1558; x_wconf 88' lang='lat' dir='ltr'><strong>confirmabat</strong></span> <span class='ocrx_word' id='word_1_134' title='bbox 836 1521 976 1558; x_wconf 90' lang='lat' dir='ltr'><strong>oraculi</strong></span> <span class='ocrx_word' id='word_1_135' title='bbox 1012 1521 1188 1569; x_wconf 90' lang='lat' dir='ltr'><strong>Delphici</strong></span> <span class='ocrx_word' id='word_1_136' title='bbox 1212 1533 1268 1560; x_wconf 69' lang='lat' dir='ltr'><strong>re„</strong></span> 
     </span>
     <span class='ocr_line' id='line_1_20' title="bbox 161 1588 1271 1639; baseline 0.001 -12"><span class='ocrx_word' id='word_1_137' title='bbox 161 1600 334 1637; x_wconf 87' lang='lat' dir='ltr'><strong>sponso,</strong></span> <span class='ocrx_word' id='word_1_138' title='bbox 373 1588 516 1637; x_wconf 87' lang='lat' dir='ltr'><strong>egregie</strong></span> <span class='ocrx_word' id='word_1_139' title='bbox 560 1600 645 1627; x_wconf 90' lang='lat' dir='ltr'><strong>cum</strong></span> <span class='ocrx_word' id='word_1_140' title='bbox 680 1589 782 1627; x_wconf 89' lang='lat' dir='ltr'><strong>omni</strong></span> <span class='ocrx_word' id='word_1_141' title='bbox 822 1590 1042 1628; x_wconf 88' lang='lat' dir='ltr'><strong>Socrates</strong></span> <span class='ocrx_word' id='word_1_142' title='bbox 1081 1591 1271 1639; x_wconf 82' lang='lat' dir='ltr'><strong>cogitandi</strong></span> 
     </span>
     <span class='ocr_line' id='line_1_21' title="bbox 161 1658 1264 1710; baseline 0.002 -13"><span class='ocrx_word' id='word_1_143' title='bbox 161 1661 303 1697; x_wconf 88' lang='lat' dir='ltr'><strong>ratione</strong></span> <span class='ocrx_word' id='word_1_144' title='bbox 339 1658 552 1707; x_wconf 90' lang='lat' dir='ltr'><strong>conspirat,</strong></span> <span class='ocrx_word' id='word_1_145' title='bbox 590 1668 626 1696; x_wconf 89' lang='lat' dir='ltr'><strong>et</strong></span> <span class='ocrx_word' id='word_1_146' title='bbox 659 1669 706 1696; x_wconf 86' lang='lat' dir='ltr'><strong>ex</strong></span> <span class='ocrx_word' id='word_1_147' title='bbox 747 1670 787 1696; x_wconf 92' lang='lat' dir='ltr'><strong>ea</strong></span> <span class='ocrx_word' id='word_1_148' title='bbox 813 1660 989 1698; x_wconf 85' lang='lat' dir='ltr'><strong>manavit.</strong></span> <span class='ocrx_word' id='word_1_149' title='bbox 1043 1660 1140 1699; x_wconf 88' lang='lat' dir='ltr'><strong>Nam</strong></span> <span class='ocrx_word' id='word_1_150' title='bbox 1166 1661 1264 1710; x_wconf 88' lang='lat' dir='ltr'><strong>ipsi,</strong></span> 
     </span>
     <span class='ocr_line' id='line_1_22' title="bbox 166 1728 1273 1777; baseline 0.001 -12"><span class='ocrx_word' id='word_1_151' title='bbox 166 1728 470 1777; x_wconf 88' lang='lat' dir='ltr'><strong>quemadmodum</strong></span> <span class='ocrx_word' id='word_1_152' title='bbox 498 1728 692 1766; x_wconf 85' lang='lat' dir='ltr'><strong>universae</strong></span> <span class='ocrx_word' id='word_1_153' title='bbox 717 1728 958 1776; x_wconf 88' lang='lat' dir='ltr'><strong>antiquitati,</strong></span> <span class='ocrx_word' id='word_1_154' title='bbox 996 1731 1131 1771; x_wconf 75' lang='lat' dir='ltr'><strong>civitas</strong></span> <span class='ocrx_word' id='word_1_155' title='bbox 1170 1743 1273 1770; x_wconf 61' lang='lat' dir='ltr'><strong>sum÷</strong></span> 
     </span>
     <span class='ocr_line' id='line_1_23' title="bbox 166 1798 1271 1848; baseline 0.002 -12"><span class='ocrx_word' id='word_1_156' title='bbox 166 1810 264 1836; x_wconf 88' lang='lat' dir='ltr'><strong>mum</strong></span> <span class='ocrx_word' id='word_1_157' title='bbox 303 1806 386 1842; x_wconf 82' lang='lat' dir='ltr'><strong>est,</strong></span> <span class='ocrx_word' id='word_1_158' title='bbox 429 1798 530 1844; x_wconf 88' lang='lat' dir='ltr'><strong>quod</strong></span> <span class='ocrx_word' id='word_1_159' title='bbox 568 1799 700 1845; x_wconf 89' lang='lat' dir='ltr'><strong>novit;</strong></span> <span class='ocrx_word' id='word_1_160' title='bbox 739 1799 784 1837; x_wconf 85' lang='lat' dir='ltr'><strong>ad</strong></span> <span class='ocrx_word' id='word_1_161' title='bbox 824 1799 932 1848; x_wconf 88' lang='lat' dir='ltr'><strong>cujus</strong></span> <span class='ocrx_word' id='word_1_162' title='bbox 963 1799 1118 1838; x_wconf 86' lang='lat' dir='ltr'><strong>salutem</strong></span> <span class='ocrx_word' id='word_1_163' title='bbox 1149 1800 1271 1839; x_wconf 89' lang='lat' dir='ltr'><strong>omnia</strong></span> 
     </span>
     <span class='ocr_line' id='line_1_24' title="bbox 165 1867 1271 1919; baseline 0.003 -13"><span class='ocrx_word' id='word_1_164' title='bbox 165 1867 352 1914; x_wconf 86' lang='lat' dir='ltr'><strong>conferri,</strong></span> <span class='ocrx_word' id='word_1_165' title='bbox 405 1876 440 1908; x_wconf 88' lang='lat' dir='ltr'><strong>et</strong></span> <span class='ocrx_word' id='word_1_166' title='bbox 480 1868 540 1905; x_wconf 88' lang='lat' dir='ltr'><strong>cui</strong></span> <span class='ocrx_word' id='word_1_167' title='bbox 568 1867 756 1906; x_wconf 75' lang='lat' dir='ltr'><strong>&#39;inservire</strong></span> <span class='ocrx_word' id='word_1_168' title='bbox 796 1878 923 1907; x_wconf 89' lang='lat' dir='ltr'><strong>omnes</strong></span> <span class='ocrx_word' id='word_1_169' title='bbox 961 1869 1120 1918; x_wconf 80' lang='lat' dir='ltr'><strong>debent3</strong></span> <span class='ocrx_word' id='word_1_170' title='bbox 1163 1870 1271 1919; x_wconf 72' lang='lat' dir='ltr'><strong>cujtts</strong></span> 
     </span>
     <span class='ocr_line' id='line_1_25' title="bbox 165 1938 1274 1986; baseline 0.002 -10"><span class='ocrx_word' id='word_1_171' title='bbox 165 1938 398 1978; x_wconf 81' lang='lat' dir='ltr'><strong>commodum</strong></span> <span class='ocrx_word' id='word_1_172' title='bbox 447 1938 739 1984; x_wconf 86' lang='lat' dir='ltr'><strong>promovendum</strong></span> <span class='ocrx_word' id='word_1_173' title='bbox 780 1946 836 1976; x_wconf 86' lang='lat' dir='ltr'><strong>est</strong></span> <span class='ocrx_word' id='word_1_174' title='bbox 872 1939 973 1976; x_wconf 87' lang='lat' dir='ltr'><strong>omni</strong></span> <span class='ocrx_word' id='word_1_175' title='bbox 1019 1939 1083 1986; x_wconf 92' lang='lat' dir='ltr'><strong>vi,</strong></span> <span class='ocrx_word' id='word_1_176' title='bbox 1132 1939 1274 1983; x_wconf 84' lang='lat' dir='ltr'><strong>etiamsi</strong></span> 
     </span>
     <span class='ocr_line' id='line_1_26' title="bbox 168 2007 1272 2057; baseline 0.003 -12"><span class='ocrx_word' id='word_1_177' title='bbox 168 2009 219 2046; x_wconf 80' lang='lat' dir='ltr'><strong>ita</strong></span> <span class='ocrx_word' id='word_1_178' title='bbox 249 2007 430 2045; x_wconf 85' lang='lat' dir='ltr'><strong>interdum</strong></span> <span class='ocrx_word' id='word_1_179' title='bbox 468 2007 700 2054; x_wconf 85' lang='lat' dir='ltr'><strong>singulorum</strong></span> <span class='ocrx_word' id='word_1_180' title='bbox 736 2007 873 2046; x_wconf 84' lang='lat' dir='ltr'><strong>civium</strong></span> <span class='ocrx_word' id='word_1_181' title='bbox 907 2008 989 2057; x_wconf 84' lang='lat' dir='ltr'><strong>jura</strong></span> <span class='ocrx_word' id='word_1_182' title='bbox 1015 2017 1050 2047; x_wconf 91' lang='lat' dir='ltr'><strong>et</strong></span> <span class='ocrx_word' id='word_1_183' title='bbox 1080 2010 1272 2048; x_wconf 88' lang='lat' dir='ltr'><strong>commoda</strong></span> 
     </span>
    </p>
   </div>
   <div class='ocr_carea' id='block_1_4' title="bbox 1202 2081 1274 2119">
    <p class='ocr_par' dir='ltr' id='par_1_5' title="bbox 1202 2081 1274 2119">
     <span class='ocr_line' id='line_1_27' title="bbox 1202 2081 1274 2119; baseline 0.014 -1"><span class='ocrx_word' id='word_1_184' title='bbox 1202 2081 1274 2119; x_wconf 84' lang='lat' dir='ltr'><strong>lae·</strong></span> 
     </span>
    </p>
   </div>
   <div class='ocr_carea' id='block_1_5' title="bbox 213 2158 823 2316">
    <p class='ocr_par' dir='ltr' id='par_1_6' title="bbox 213 2158 823 2316">
     <span class='ocr_line' id='line_1_28' title="bbox 214 2158 793 2199; baseline 0 -10"><span class='ocrx_word' id='word_1_185' title='bbox 214 2160 261 2199; x_wconf 88' lang='grc' dir='ltr'><strong>(ι)</strong></span> <span class='ocrx_word' id='word_1_186' title='bbox 299 2158 349 2187; x_wconf 85' lang='lat' dir='ltr'><strong>Cf.</strong></span> <span class='ocrx_word' id='word_1_187' title='bbox 371 2159 510 2189; x_wconf 70' lang='lat' dir='ltr'><strong>Memor.</strong></span> <span class='ocrx_word' id='word_1_188' title='bbox 534 2158 560 2188; x_wconf 90' lang='lat'><strong>1.</strong></span> <span class='ocrx_word' id='word_1_189' title='bbox 584 2169 612 2188; x_wconf 85' lang='lat' dir='ltr'><strong>c.</strong></span> <span class='ocrx_word' id='word_1_190' title='bbox 633 2158 663 2189; x_wconf 82' lang='lat'><strong>4·</strong></span> <span class='ocrx_word' id='word_1_191' title='bbox 687 2161 717 2199; x_wconf 63' lang='grc' dir='ltr'><strong>ᾗ.</strong></span> <span class='ocrx_word' id='word_1_192' title='bbox 744 2169 793 2189; x_wconf 82' lang='grc' dir='ltr'><strong>ιο.</strong></span> 
     </span>
     <span class='ocr_line' id='line_1_29' title="bbox 213 2215 823 2257; baseline -0.002 -10"><span class='ocrx_word' id='word_1_193' title='bbox 213 2218 262 2257; x_wconf 86' lang='lat'>(¹2)</span> <span class='ocrx_word' id='word_1_194' title='bbox 298 2216 347 2247; x_wconf 79' lang='lat' dir='ltr'><strong>Cf.</strong></span> <span class='ocrx_word' id='word_1_195' title='bbox 370 2219 505 2246; x_wconf 66' lang='lat' dir='ltr'><strong>BIemor.</strong></span> <span class='ocrx_word' id='word_1_196' title='bbox 531 2215 590 2246; x_wconf 80' lang='lat' dir='ltr'><strong>lV.</strong></span> <span class='ocrx_word' id='word_1_197' title='bbox 614 2227 639 2246; x_wconf 81' lang='lat' dir='ltr'><strong>c·</strong></span> <span class='ocrx_word' id='word_1_198' title='bbox 665 2217 694 2246; x_wconf 84' lang='grc'><strong>5-</strong></span> <span class='ocrx_word' id='word_1_199' title='bbox 720 2218 751 2256; x_wconf 79' lang='lat'><strong>§·</strong></span> <span class='ocrx_word' id='word_1_200' title='bbox 773 2217 823 2248; x_wconf 81' lang='lat'><strong>16.</strong></span> 
     </span>
     <span class='ocr_line' id='line_1_30' title="bbox 213 2275 766 2316; baseline 0.002 -13"><span class='ocrx_word' id='word_1_201' title='bbox 213 2277 258 2316; x_wconf 69' lang='grc'><strong>(3)</strong></span> <span class='ocrx_word' id='word_1_202' title='bbox 297 2277 348 2309; x_wconf 55' lang='lat' dir='ltr'><strong>(js,-</strong></span> <span class='ocrx_word' id='word_1_203' title='bbox 374 2279 507 2306; x_wconf 51' lang='lat' dir='ltr'><strong>Memor.</strong></span> <span class='ocrx_word' id='word_1_204' title='bbox 531 2276 557 2305; x_wconf 86' lang='grc' dir='ltr'><strong>Ι,</strong></span> <span class='ocrx_word' id='word_1_205' title='bbox 581 2287 609 2306; x_wconf 84' lang='lat' dir='ltr'><strong>c.</strong></span> <span class='ocrx_word' id='word_1_206' title='bbox 632 2275 660 2305; x_wconf 80' lang='grc'><strong>5.</strong></span> <span class='ocrx_word' id='word_1_207' title='bbox 684 2278 766 2316; x_wconf 80' lang='lat'><strong>§-1·</strong></span> 
     </span>
    </p>
   </div>
  </div>
 </body>
</html>
