1487 2625
170 211 221 249 90
402 197 1063 238 εοΜΜΕΝΤΑΤΙο

171 307 328 347 secernit
352 308 566 360 particulas
594 309 696 345 inter
721 319 756 344 se
781 307 919 345 similes
944 308 1144 346 secundum
1171 315 1283 346 mate-

174 378 248 418 riae
269 386 455 421 naturam‚
486 384 523 413 et
551 383 699 413 eatenus
718 403 730 421 ‚
755 383 938 421 quatenus
963 376 1130 421 materiae
1152 385 1282 414 natura

172 448 210 486 id
239 446 432 495 permittit.
499 444 631 483 Minus
670 446 713 482 ab
749 446 813 482 hac
852 454 952 492 parte
985 446 1176 483 Socratica
1211 446 1280 485 Dei

171 519 276 556 notio
302 515 459 554 discedit
483 526 503 552 a
527 516 701 564 religione
726 514 953 553 Graecorum
974 515 1171 566 populari:
1199 527 1280 553 nam

173 588 212 626 in
247 588 314 624 hac
362 596 515 634 quoque
561 583 626 623 Dii
667 585 842 623 coluntur
887 593 929 622 ut
973 586 1077 622 entia
1113 585 1283 622 rationa-

171 658 254 704 lia,
279 655 493 694 hominibus
521 666 652 704 genere
677 665 747 692 suo
774 654 921 691 similia.
972 654 1015 691 In
1037 652 1281 702 religionibus

170 724 310 763 mediae
349 724 524 771 Asiae,
567 733 603 761 et
641 724 721 772 ipsa
759 723 1013 771 antiquissima
1051 723 1281 763 Graecorum

172 797 372 847 religione,
411 796 554 834 divinae
587 803 736 833 naturae
762 797 847 832 loco
875 791 1093 830 colebantur
1119 801 1283 829 naturae

172 869 269 906 vires
294 876 329 904 et
353 867 557 914 elementa,·
593 866 688 902 unde
717 864 798 901 illae
833 862 1029 911 religiones
1059 860 1131 899 dici
1163 861 1284 898 solent

174 937 365 987 religiones
382 937 554 987 physicae
580 931 1042 983 (natuurgodsdiensten):
1072 931 1110 968 in
1133 930 1190 968 his
1215 929 1284 977 igi-

174 1015 235 1044 tur
260 1005 503 1054 religionibus
528 1004 591 1041 Dii
617 1003 904 1041 efformabantur
941 1012 1017 1039 non
1050 1000 1172 1038 minus
1206 998 1284 1036 ani-

174 1075 282 1122 mali,
310 1086 419 1123 quam
446 1075 602 1112 humana
629 1073 760 1121 figura.
801 1071 1067 1123 Aegyptiorum
1086 1099 1098 1117 ,
1126 1069 1285 1119 Babylo-

161 1147 320 1183 niorum
345 1144 442 1183 idola
467 1153 567 1181 erant
594 1155 639 1181 ex
668 1142 827 1180 hominis
854 1151 890 1179 et
913 1141 1077 1178 animalis
1103 1140 1213 1188 hujus
1239 1139 1284 1176 il-

173 1215 292 1252 liusve
332 1213 448 1262 figura
497 1213 639 1259 mixta,
685 1220 748 1249 aut
784 1212 891 1259 plane
929 1210 1091 1248 animalis
1128 1209 1281 1257 figuram

175 1283 394 1322 referebant.
464 1284 504 1321 In
558 1282 793 1321 Graecorum
840 1292 928 1317 vero
982 1279 1157 1326 religione
1219 1277 1282 1316 Dii

178 1352 463 1391 efformabantur
482 1350 599 1389 forma
623 1351 802 1397 humana,
831 1361 945 1397 eaque
966 1349 1216 1398 pulcerrima(
1225 1347 1282 1395 1).

177 1423 250 1461 Sed
274 1422 312 1460 in
335 1433 379 1460 eo
406 1421 559 1459 maxime
584 1422 806 1459 Socrates
833 1420 1042 1458 discedebat
1067 1431 1086 1456 a
1111 1419 1286 1468 religione

170 1493 373 1544 populari,
424 1501 460 1530 et
506 1491 696 1529 notionem
747 1490 890 1528 divinae
932 1498 1081 1533 naturae
1127 1488 1285 1525 habebat

176 1563 478 1612 praestantiorem
520 1561 660 1608 vulgari
700 1560 928 1598 Graecorum
958 1558 1140 1603 notione,
1181 1556 1285 1604 quod

177 1633 296 1672 Deum
337 1632 486 1671 haberet
517 1640 682 1669 naturam
720 1630 913 1668 moralem.
969 1629 1011 1666 In
1052 1628 1283 1666 Graecorum

178 1702 355 1750 religione
404 1712 479 1740 non
529 1711 682 1749 prorsus
728 1699 875 1746 quidem
915 1697 1140 1735 desideratur
1179 1694 1285 1733 notio

179 1770 274 1818 Dei,
302 1778 343 1808 ut
367 1771 458 1807 entis
477 1769 652 1807 moralis:
677 1778 757 1805 nam
779 1766 995 1816 Jupiter,
1025 1765 1128 1804 verbi
1151 1776 1283 1811 causa,

180 1848 261 1887 est,
304 1839 367 1887 qui
402 1839 483 1889 Jura
519 1836 675 1886 hospitii
713 1846 749 1874 et
791 1836 1030 1885 jurisjurandi
1071 1835 1285 1884 religionem

180 1918 304 1947 tuetur
341 1908 439 1958 (2);
492 1908 557 1945 sed
600 1915 719 1943 tamen
773 1906 865 1943 hanc
906 1905 1141 1953 negligebant
1175 1903 1287 1952 pleri-

181 1991 254 2030 que
281 1979 336 2026 ii,
385 1978 452 2027 qui
500 1978 664 2016 nondum
699 1975 911 2025 religionem
949 1975 1163 2023 popularem
1196 1984 1287 2012 con-

1197 2053 1288 2081 teni-

224 2168 272 2208 (ι)
307 2166 360 2198 Cf.
382 2166 440 2197 De
465 2165 609 2195 Wette
625 2185 634 2201 ‚
671 2164 747 2194 tiber
769 2164 822 2194 die
842 2163 1001 2204 Religion
1017 2185 1026 2200 ,
1064 2162 1115 2192 ihr
1140 2162 1258 2192 Wesen
1274 2180 1285 2198 ,

183 2221 255 2251 ihre
275 2220 662 2261 Ersckeinungsformen‚
686 2221 746 2246 etc.
767 2227 836 2256 pag.
851 2217 910 2248 312
930 2227 979 2256 sq.
1000 2220 1032 2246 et
1058 2216 1091 2246 V
1089 2214 1183 2246 orles.
1208 2211 1285 2243 XV.

226 2275 274 2316 (2)
309 2273 360 2312 Cf.
383 2273 441 2307 De
464 2273 604 2302 Wette
626 2270 684 2301 l.1.
707 2280 777 2310 pag.
799 2269 857 2310 574
876 2291 885 2308 ,
909 2270 978 2300 381.
