1487 2625
1186 150 1271 198 xvu

202 262 603 314 Stereometriam‚
649 263 1066 319 Trigonometriam
1093 270 1263 324 sphae->

143 334 313 385 ricam,
346 333 601 375 adhibitam
625 335 688 375 ad
715 333 1066 379 Astronomiam
1091 340 1265 394 sphaee

145 404 291 446 ricam
316 412 360 445 et
386 404 730 459 Geographiam
750 406 1120 450 mathematicam
1154 408 1188 453 Ῑ.
1204 408 1257 457 F.

143 473 192 517 L.
218 465 566 526 SCHRODER‚
607 473 673 516 die
708 473 869 518 veneris
904 482 1029 533 atque
1071 479 1258 534 saturni,

85 596 88 598 ¹
138 543 248 589 hora
267 544 380 589 VIII.

198 621 581 666 Collocationibus
608 623 662 664 de
689 624 866 666 ratione
894 627 1086 669 docendi
1111 630 1256 671 disci-⁵

131 694 293 747 plinas
305 693 663 735 mathematicas
675 692 841 737 vacabit
854 693 887 739 I.
902 693 952 740 F.
967 695 1017 741 L.
1031 689 1255 745 SCHRO'-

137 761 286 816 DER,
316 762 423 807 hora
449 769 597 822 postea
626 763 865 810 indicanda.

196 841 503 882 Geometriam
542 844 823 897 anaiyticam
871 842 926 888 R.
954 857 1060 889 VAN
1075 844 1252 900 REES,

137 909 285 954 diebus
311 911 463 964 lunae?
483 912 649 965 martis,
677 911 781 956 iovis
797 920 836 957 et
851 915 1035 969 veneris,
1066 915 1177 960 hora
1197 917 1249 962 X.

189 989 510 1031 Mechanicam
542 993 825 1045 analyticam
865 992 921 1036 R.
946 1002 1052 1037 VAN
1071 992 1222 1039 REES
1237 1019 1253 1044 ‚-

132 1058 281 1104 diebus
307 1059 449 1111 lunae,
473 1059 616 1103 martis
628 1091 641 1112 ,
659 1059 764 1104 iovis
783 1067 823 1104 et
837 1062 997 1107 veneris
1013 1095 1025 1118 ,
1049 1063 1156 1108 hora
1171 1064 1246 1110 IX.

188 1138 414 1190 Physices
443 1138 793 1181 mathematicae
815 1142 971 1195 capita
988 1145 1158 1184 selecta
1188 1141 1244 1186 R.

132 1204 396 1251 unREES
409 1239 420 1260 ‚
433 1207 579 1252 diebus
591 1209 786 1253 mercurii
796 1207 835 1254 ἐῐ
846 1210 1005 1255 saturni
1018 1243 1030 1265 ,
1050 1211 1155 1256 hora
1169 1212 1245 1261 IX.

188 1286 439 1340 Physicam
455 1289 857 1341 experimentalem
877 1288 929 1333 G.
941 1288 1105 1340 MOLL
1118 1321 1131 1343 ,
1153 1289 1248 1334 die-³

129 1355 209 1399 bus
234 1355 373 1409 lunae,
405 1355 570 1410 martis,
601 1357 708 1402 iovis
737 1365 777 1402 et
805 1359 990 1414 veneris,
1021 1359 1128 1405 hora
1151 1362 1184 1407 I.

183 1432 508 1476 Astronomiae
536 1437 724 1490 primas
757 1439 946 1481 notitiae
986 1437 1039 1482 G.
1054 1438 1217 1484 MOLL
1229 1466 1244 1494 ,ἱ

129 1501 276 1548 diebus
302 1503 447 1557 lunae,
496 1505 668 1558 martis,
709 1505 813 1550 iovis
851 1514 891 1551 et
926 1509 1114 1563 veneris,
1157 1510 1244 1555 ho-

127 1588 175 1617 ra
210 1574 283 1618 IX.
326 1575 389 1618 ve}
419 1575 520 1628 alia,
551 1577 810 1621 auditoribus
841 1579 974 1637 magis
1003 1581 1239 1626 commoda.

184 1652 531 1695 Astronomiam
568 1655 865 1697 theoreticam
902 1663 947 1698 et
978 1660 1240 1712 practicam

129 1720 181 1766 G.
194 1721 378 1775 MOLL,
406 1722 553 1767 iisdem
580 1723 752 1778 diebus,
782 1725 889 1769 hora
912 1726 987 1770 111.

184 1799 426 1842 Elementa
456 1803 857 1856 Hydrotechniae,
889 1802 943 1847 ad
975 1812 1239 1862 praesentem

129 1868 408 1913 conditionem
452 1871 616 1915 Patriae
655 1872 888 1931 adplicata,
948 1873 983 1918 si
1028 1874 1240 1920 sufficiens·

125 1954 321 1984 numerus
363 1940 599 1986 auditorum
638 1943 772 1996 adsit,
828 1943 990 2003 belgico
1023 1960 1236 1998 sermone,-

127 2018 308 2070 exponet
337 2012 387 2055 G,
404 2012 565 2056 MOLL
582 2045 594 2065 ,
634 2013 740 2058 hora
772 2014 967 2072 deinceps
995 2015 1234 2060 indicanda.—

185 2087 417 2129 Chemiam
439 2093 702 2144 generalem
731 2099 775 2131 et
798 2094 1084 2146 applicatam
1119 2092 1169 2135 N.
1185 2091 1233 2136 Ca

124 2171 188 2198 DE
213 2155 521 2210 FREMERY,
569 2160 714 2204 diebus
744 2161 883 2214 lunae,
905 2161 1085 2215 marth,
1117 2176 1233 2206 mers

125 2227 227 2270 curii
251 2235 290 2271 et
314 2228 435 2282 iovis,
469 2230 571 2274 hora
591 2231 686 2275 XII.

647 2303 700 2326 *2
