1487 2625
364 199 964 250 THEOLOGICm
1163 213 1214 251 w

103 311 392 359 tantummodo,
432 318 565 359 utpote
599 310 764 348 omnium
796 320 984 348 consensu
1022 309 1216 349 confirma-

100 393 203 432 tam,
241 393 319 421 non
353 381 521 431 diligenti
547 389 592 428 {t
622 390 788 420 accurata
815 380 1059 430 inquisitione
1081 381 1219 430 proba-

100 462 191 491 tam.
247 451 345 494 Hinc
387 452 557 500 pertinet*
586 453 631 490 ad
673 451 882 490 Socratis
919 451 1074 500 praxin,
1115 459 1151 489 et
1177 451 1218 489 in

102 522 196 569 hanc
234 522 345 560 modo
362 521 454 569 3vim
483 522 616 560 habet:
655 521 692 558 in
717 520 884 558 doctrina
907 522 987 570 eJ'us
1009 521 1134 559 nullus
1162 530 1220 560 est

103 591 188 631 Diis
214 590 454 629 inferioribus
474 592 619 639 ,locus;
648 590 714 628 ubi
738 590 1050 639 philosophatur,
1077 590 1220 639 cogitat

102 668 244 700 tantum
267 660 312 698 de
344 670 494 708 natura,
534 671 677 699 summa
709 660 748 698 vi
766 668 804 700 et
823 659 1001 709 sapientia
1025 656 1214 709 praedita,

102 741 199 779 quae
225 730 348 769 omnia
374 729 497 768 effecit
523 739 559 768 et
584 730 770 770 continet.

153 799 269 851 Quod
293 808 416 838 autem
442 800 716 849 Xenophon
736 800 899 840 Deorum
927 801 1114 840 vocabulo
1138 802 1217 852 ple-

101 881 261 918 rumque
296 879 452 918 utatur,
501 872 573 909 hoc
613 871 844 919 populariter
883 881 919 916 et
953 883 998 910 ex
1035 880 1218 910 consueto

99 940 279 988 loquendi
318 952 420 978 more
454 940 599 978 dictum·
634 949 714 990 est-3
755 942 859 989 quod
892 950 992 981 certe
1020 953 1135 987 nemo,
1162 954 1219 980 re-

99 1010 329 1058 prehendet,
367 1022 483 1058 quum
519 1011 557 1049 id
583 1019 687 1059 agat,
715 1019 772 1049 >ut
807 1011 1024 1060 magistrum
1060 1011 1106 1050 ab
1149 1012 1218 1051 im-

98 1078 246 1126 pietatis
293 1089 330 1117 et
365 1081 526 1118 novandi
575 1080 715 1127 aliquid
738 1080 787 1118 in
835 1082 1014 1131 religione
1064 1080 1216 1120 crimine

99 1148 248 1186 liberet.
303 1150 557 1196 Animadverti
594 1159 714 1188 tamen
739 1159 894 1199 potest,
931 1163 1043 1199 eum,
1080 1151 1146 1190 ubi
1170 1152 1217 1191 de

99 1218 226 1256 mundi
252 1226 339 1266 ortu
359 1227 395 1256 et
419 1219 688 1267 gubernatione
714 1232 835 1258 sermo
862 1231 948 1267 est,
989 1232 1104 1260 unum
1137 1233 1216 1260 sae-

99 1287 188 1337 pius
213 1288 334 1326 Deum
361 1299 561 1328 memorare
577 1317 589 1336 ‚
629 1290 813 1335 interdum
854 1303 1008 1340 quoque
1034 1292 1113 1331 aliis
1138 1292 1215 1330 dic—

59 1395 63 1399 ,
98 1355 271 1394 tionibus
296 1356 380 1404 uti,
408 1366 451 1394 ut
476 1369 515 1397 v.
535 1370 572 1397 c.
594 1361 615 1405 ἦ
642 1362 677 1400 ἐν
704 1362 813 1401 πάντα
840 1363 1004 1411 Φρόνησις
1028 1363 1114 1412 (1).

143 1425 225 1476 Jam
255 1427 470 1474 videamus,
507 1439 595 1466 num
624 1440 808 1467 summum
835 1430 927 1469 illud
954 1431 1130 1478 Numen,
1160 1449 1214 1461 --

102 1508 187 1546 nam
221 1498 267 1535 de
303 1497 388 1536 Diis
413 1497 653 1538 inferioribus
685 1509 869 1547 nusquam
894 1501 1213 1541 accuratius·eum

99 1578 206 1615 agere
244 1569 317 1617 J'am
359 1568 547 1615 vidimus,
587 1591 642 1599 —
678 1569 848 1608 habuerit
888 1581 1127 1622 corporeum,
1166 1582 1213 1610 an

102 1648 194 1677 vero
222 1637 267 1674 ab
295 1639 395 1676 omni
422 1640 606 1676 materiae
629 1641 855 1678 concretione
881 1639 1053 1679 liberum.

149 1707 230 1746 Hac
269 1708 314 1745 de
349 1720 388 1746 re
414 1709 632 1747 Socrates
660 1720 738 1747 non
759 1710 1041 1758 pronuntiavit,
1079 1718 1212 1759 utpote

96 1789 167 1816 non
191 1790 216 1815 a
244 1777 331 1816 Diis
349 1780 558 1829 patefacta.
598 1780 640 1817 Id
662 1780 820 1828 explicat
844 1780 882 1819 in
908 1780 1103 1829 colloquio
1122 1792 1209 1819 cum

101 1847 416 1896 Euthydemo.
471 1848 583 1888 Hunc
621 1858 776 1898 monet,
818 1859 859 1889 ut
884 1861 962 1889 non
986 1859 1207 1899 exspectet,

96 1917 214 1955 donec
238 1917 390 1966 formas
416 1917 580 1956 Deorum
609 1920 876 1968 conspexerit,
917 1921 982 1958 sed
1009 1928 1207 1958 contentus

98 1985 148 2023 sit
181 1997 309 2024 eorum
352 1986 518 2037 operibus
557 1988 723 2027 videndis
749 2017 763 2035 ,
818 1998 854 2027 et
896 1991 949 2028 sic
990 2002 1054 2028 eos
1091 1991 1204 2028 colat.

100 2055 244 2094 Deinde
297 2055 345 2093 ita
393 2057 515 2105 pergit
541 2069 551 2095 :
643 2085 666 2105 ,‚
693 2060 854 2098 Attende
874 2087 888 2107 ,
948 2060 1051 2108 ipsos
1098 2061 1205 2099 etiam

103 2151 128 2174 „
155 2127 256 2165 Deos
277 2127 486 2174 ,ostendere
518 2138 559 2165 ac
584 2127 714 2166 docere
731 2157 743 2174 ,
785 2129 832 2168 ita
857 2129 967 2168 nobis
991 2142 1073 2169 esse
1097 2142 1206 2180 agen-

340 2192 341 2195 *
703 2195 722 2210 ”
1037 2227 1061 2248 ,,
1087 2201 1171 2239 dum
1189 2213 1202 2241 ε

142 2277 189 2317 (ι)
228 2277 279 2308 Cs.
302 2277 507 2317 Meiners,
530 2277 591 2308 1.1.
614 2289 647 2318 p.
668 2279 736 2319 592.
