<?xml version="1.0" encoding="UTF-8"?>
<!DOCTYPE html PUBLIC "-//W3C//DTD XHTML 1.0 Transitional//EN"
    "http://www.w3.org/TR/xhtml1/DTD/xhtml1-transitional.dtd">
<html xmlns="http://www.w3.org/1999/xhtml" xml:lang="en" lang="en">
 <head>
  <title>
</title>
<meta http-equiv="Content-Type" content="text/html;charset=utf-8" />
  <meta name='ocr-system' content='tesseract 3.04.00' />
  <meta name='ocr-capabilities' content='ocr_page ocr_carea ocr_par ocr_line ocrx_word'/>
</head>
<body>
  <div class='ocr_page' id='page_1' title='image "annalesacademiae35rhen_0050.png"; bbox 0 0 1487 2625; ppageno 0'>
   <div class='ocr_carea' id='block_1_1' title="bbox 188 142 1090 214">
    <p class='ocr_par' dir='ltr' id='par_1_1' title="bbox 188 142 1090 214">
     <span class='ocr_line' id='line_1_1' title="bbox 188 142 1090 214; baseline 0.004 -29"><span class='ocrx_word' id='word_1_1' title='bbox 188 142 214 185; x_wconf 87' lang='lat'>6</span> <span class='ocrx_word' id='word_1_2' title='bbox 430 144 567 189; x_wconf 85' lang='lat' dir='ltr'><strong>ADR.</strong></span> <span class='ocrx_word' id='word_1_3' title='bbox 604 145 768 190; x_wconf 86' lang='lat' dir='ltr'><strong>CATH.</strong></span> <span class='ocrx_word' id='word_1_4' title='bbox 802 145 1090 214; x_wconf 15' lang='lat' dir='ltr'><strong>HOLTIUSb</strong></span> 
     </span>
    </p>
   </div>
   <div class='ocr_carea' id='block_1_2' title="bbox 197 268 1391 2253">
    <p class='ocr_par' dir='ltr' id='par_1_2' title="bbox 197 268 1325 1558">
     <span class='ocr_line' id='line_1_2' title="bbox 197 268 1300 339; baseline 0.004 -20"><span class='ocrx_word' id='word_1_5' title='bbox 197 276 429 321; x_wconf 79' lang='lat' dir='ltr'>vindicavit.</span> <span class='ocrx_word' id='word_1_6' title='bbox 507 279 634 336; x_wconf 84' lang='lat' dir='ltr'>Quod</span> <span class='ocrx_word' id='word_1_7' title='bbox 681 280 829 324; x_wconf 84' lang='lat' dir='ltr'>bellum</span> <span class='ocrx_word' id='word_1_8' title='bbox 865 288 909 324; x_wconf 91' lang='lat' dir='ltr'>ut</span> <span class='ocrx_word' id='word_1_9' title='bbox 947 281 1102 338; x_wconf 84' lang='lat' dir='ltr'>gloriae</span> <span class='ocrx_word' id='word_1_10' title='bbox 1133 268 1300 339; x_wconf 84' lang='lat' dir='ltr'>plenum</span> 
     </span>
     <span class='ocr_line' id='line_1_3' title="bbox 199 356 1308 401; baseline 0.003 -5"><span class='ocrx_word' id='word_1_11' title='bbox 199 361 339 397; x_wconf 80' lang='lat' dir='ltr'>tamen</span> <span class='ocrx_word' id='word_1_12' title='bbox 370 369 461 398; x_wconf 80' lang='lat' dir='ltr'>culn</span> <span class='ocrx_word' id='word_1_13' title='bbox 494 356 676 399; x_wconf 87' lang='lat' dir='ltr'>omnium</span> <span class='ocrx_word' id='word_1_14' title='bbox 716 357 860 400; x_wconf 79' lang='lat' dir='ltr'>virium</span> <span class='ocrx_word' id='word_1_15' title='bbox 887 358 1159 401; x_wconf 86' lang='lat' dir='ltr'>humanarum</span> <span class='ocrx_word' id='word_1_16' title='bbox 1200 370 1308 400; x_wconf 85' lang='lat' dir='ltr'>con-</span> 
     </span>
     <span class='ocr_line' id='line_1_4' title="bbox 203 431 1310 492; baseline 0.003 -19"><span class='ocrx_word' id='word_1_17' title='bbox 203 431 410 482; x_wconf 75' lang='lat' dir='ltr'>tentione,</span> <span class='ocrx_word' id='word_1_18' title='bbox 442 433 707 489; x_wconf 86' lang='lat' dir='ltr'>omniumque</span> <span class='ocrx_word' id='word_1_19' title='bbox 736 449 872 477; x_wconf 76' lang='lat' dir='ltr'>rerum</span> <span class='ocrx_word' id='word_1_20' title='bbox 903 434 1122 492; x_wconf 87' lang='lat' dir='ltr'>dispendio</span> <span class='ocrx_word' id='word_1_21' title='bbox 1151 441 1310 492; x_wconf 82' lang='lat' dir='ltr'>gestum</span> 
     </span>
     <span class='ocr_line' id='line_1_5' title="bbox 206 508 1314 568; baseline 0.002 -17"><span class='ocrx_word' id='word_1_22' title='bbox 206 515 281 552; x_wconf 89' lang='lat' dir='ltr'>est.</span> <span class='ocrx_word' id='word_1_23' title='bbox 342 508 533 552; x_wconf 75' lang='lat' dir='ltr'>Instituta</span> <span class='ocrx_word' id='word_1_24' title='bbox 561 517 622 553; x_wconf 87' lang='lat' dir='ltr'>est</span> <span class='ocrx_word' id='word_1_25' title='bbox 661 510 873 554; x_wconf 83' lang='lat' dir='ltr'>Leidensis</span> <span class='ocrx_word' id='word_1_26' title='bbox 914 511 1127 553; x_wconf 82' lang='lat' dir='ltr'>academia</span> <span class='ocrx_word' id='word_1_27' title='bbox 1155 511 1314 568; x_wconf 81' lang='lat' dir='ltr'>Hispa-</span> 
     </span>
     <span class='ocr_line' id='line_1_6' title="bbox 206 581 1310 633; baseline 0.003 -6"><span class='ocrx_word' id='word_1_28' title='bbox 206 599 262 627; x_wconf 88' lang='lat' dir='ltr'>no</span> <span class='ocrx_word' id='word_1_29' title='bbox 284 593 601 630; x_wconf 82' lang='lat' dir='ltr'>castrametante</span> <span class='ocrx_word' id='word_1_30' title='bbox 628 587 670 630; x_wconf 88' lang='lat' dir='ltr'>in</span> <span class='ocrx_word' id='word_1_31' title='bbox 688 581 917 632; x_wconf 78' lang='lat' dir='ltr'>meditullio</span> <span class='ocrx_word' id='word_1_32' title='bbox 936 586 1193 633; x_wconf 82' lang='lat' dir='ltr'>Hollandiae.</span> <span class='ocrx_word' id='word_1_33' title='bbox 1228 585 1310 630; x_wconf 89' lang='lat' dir='ltr'>Se-</span> 
     </span>
     <span class='ocr_line' id='line_1_7' title="bbox 207 663 1313 724; baseline 0.004 -20"><span class='ocrx_word' id='word_1_34' title='bbox 207 668 325 705; x_wconf 87' lang='lat' dir='ltr'>cutae</span> <span class='ocrx_word' id='word_1_35' title='bbox 350 670 445 705; x_wconf 85' lang='lat' dir='ltr'>sunt</span> <span class='ocrx_word' id='word_1_36' title='bbox 479 663 581 706; x_wconf 88' lang='lat' dir='ltr'>aliae</span> <span class='ocrx_word' id='word_1_37' title='bbox 608 664 650 706; x_wconf 92' lang='lat' dir='ltr'>in</span> <span class='ocrx_word' id='word_1_38' title='bbox 689 666 847 708; x_wconf 85' lang='lat' dir='ltr'>cunetis</span> <span class='ocrx_word' id='word_1_39' title='bbox 883 679 1019 723; x_wconf 82' lang='lat' dir='ltr'>prope</span> <span class='ocrx_word' id='word_1_40' title='bbox 1046 664 1313 724; x_wconf 81' lang='lat' dir='ltr'><strong>regionibus,</strong></span> 
     </span>
     <span class='ocr_line' id='line_1_8' title="bbox 209 736 1313 801; baseline 0.005 -22"><span class='ocrx_word' id='word_1_41' title='bbox 209 736 354 780; x_wconf 88' lang='lat' dir='ltr'>accisis</span> <span class='ocrx_word' id='word_1_42' title='bbox 399 738 536 782; x_wconf 85' lang='lat' dir='ltr'>adhuc</span> <span class='ocrx_word' id='word_1_43' title='bbox 581 740 760 798; x_wconf 85' lang='lat' dir='ltr'>opibus,</span> <span class='ocrx_word' id='word_1_44' title='bbox 825 756 916 785; x_wconf 89' lang='lat' dir='ltr'>cum</span> <span class='ocrx_word' id='word_1_45' title='bbox 964 742 1030 785; x_wconf 79' lang='lat' dir='ltr'>vix</span> <span class='ocrx_word' id='word_1_46' title='bbox 1078 742 1313 801; x_wconf 75' lang='lat' dir='ltr'>respirandi</span> 
     </span>
     <span class='ocr_line' id='line_1_9' title="bbox 211 815 1318 872; baseline 0.005 -16"><span class='ocrx_word' id='word_1_47' title='bbox 211 815 391 872; x_wconf 87' lang='lat' dir='ltr'>spatium</span> <span class='ocrx_word' id='word_1_48' title='bbox 421 815 720 861; x_wconf 85' lang='lat' dir='ltr'>intervenisset.</span> <span class='ocrx_word' id='word_1_49' title='bbox 781 817 1003 861; x_wconf 85' lang='lat' dir='ltr'>Generosis</span> <span class='ocrx_word' id='word_1_50' title='bbox 1029 832 1151 871; x_wconf 87' lang='lat' dir='ltr'>sane,</span> <span class='ocrx_word' id='word_1_51' title='bbox 1185 826 1224 861; x_wconf 89' lang='lat' dir='ltr'>et</span> <span class='ocrx_word' id='word_1_52' title='bbox 1247 819 1318 862; x_wconf 85' lang='lat' dir='ltr'>su-</span> 
     </span>
     <span class='ocr_line' id='line_1_10' title="bbox 209 892 1315 953; baseline 0.005 -20"><span class='ocrx_word' id='word_1_53' title='bbox 209 897 326 934; x_wconf 75' lang='lat' dir='ltr'>turae</span> <span class='ocrx_word' id='word_1_54' title='bbox 354 892 648 949; x_wconf 76' lang='lat' dir='ltr'>magnitudinis</span> <span class='ocrx_word' id='word_1_55' title='bbox 683 894 865 938; x_wconf 84' lang='lat' dir='ltr'>Batavae</span> <span class='ocrx_word' id='word_1_56' title='bbox 903 896 1116 953; x_wconf 80' lang='lat' dir='ltr'>praesagis</span> <span class='ocrx_word' id='word_1_57' title='bbox 1145 895 1315 940; x_wconf 83' lang='lat' dir='ltr'>animis!</span> 
     </span>
     <span class='ocr_line' id='line_1_11' title="bbox 213 967 1320 1025; baseline 0.006 -16"><span class='ocrx_word' id='word_1_58' title='bbox 213 967 402 1025; x_wconf 83' lang='lat' dir='ltr'><strong>Namque</strong></span> <span class='ocrx_word' id='word_1_59' title='bbox 440 969 482 1011; x_wconf 87' lang='lat' dir='ltr'>in</span> <span class='ocrx_word' id='word_1_60' title='bbox 520 976 635 1013; x_wconf 84' lang='lat' dir='ltr'>tanta</span> <span class='ocrx_word' id='word_1_61' title='bbox 676 971 919 1015; x_wconf 82' lang='lat' dir='ltr'>necessitate</span> <span class='ocrx_word' id='word_1_62' title='bbox 950 971 1184 1016; x_wconf 83' lang='lat' dir='ltr'>academias</span> <span class='ocrx_word' id='word_1_63' title='bbox 1213 986 1320 1016; x_wconf 89' lang='lat' dir='ltr'>con-</span> 
     </span>
     <span class='ocr_line' id='line_1_12' title="bbox 215 1043 1315 1103; baseline 0.005 -17"><span class='ocrx_word' id='word_1_64' title='bbox 215 1043 339 1097; x_wconf 83' lang='lat' dir='ltr'>dere,</span> <span class='ocrx_word' id='word_1_65' title='bbox 371 1045 471 1101; x_wconf 90' lang='lat' dir='ltr'>quid</span> <span class='ocrx_word' id='word_1_66' title='bbox 500 1046 608 1089; x_wconf 86' lang='lat' dir='ltr'>aliud</span> <span class='ocrx_word' id='word_1_67' title='bbox 644 1054 704 1090; x_wconf 90' lang='lat' dir='ltr'>est</span> <span class='ocrx_word' id='word_1_68' title='bbox 734 1063 855 1103; x_wconf 87' lang='lat' dir='ltr'>quam</span> <span class='ocrx_word' id='word_1_69' title='bbox 890 1049 1068 1091; x_wconf 78' lang='lat' dir='ltr'>suturam</span> <span class='ocrx_word' id='word_1_70' title='bbox 1101 1049 1315 1092; x_wconf 82' lang='lat' dir='ltr'>utilitatem</span> 
     </span>
     <span class='ocr_line' id='line_1_13' title="bbox 214 1121 1322 1182; baseline 0.006 -20"><span class='ocrx_word' id='word_1_71' title='bbox 214 1121 448 1178; x_wconf 79' lang='lat' dir='ltr'>praesenti,</span> <span class='ocrx_word' id='word_1_72' title='bbox 492 1122 719 1181; x_wconf 82' lang='lat' dir='ltr'>sapientiae</span> <span class='ocrx_word' id='word_1_73' title='bbox 756 1124 932 1167; x_wconf 81' lang='lat' dir='ltr'>fructum</span> <span class='ocrx_word' id='word_1_74' title='bbox 964 1126 1191 1182; x_wconf 85' lang='lat' dir='ltr'>pecuniae,</span> <span class='ocrx_word' id='word_1_75' title='bbox 1237 1126 1322 1170; x_wconf 85' lang='lat' dir='ltr'>hu-</span> 
     </span>
     <span class='ocr_line' id='line_1_14' title="bbox 218 1197 1325 1257; baseline 0.006 -17"><span class='ocrx_word' id='word_1_76' title='bbox 218 1197 452 1242; x_wconf 82' lang='lat' dir='ltr'>manitatem</span> <span class='ocrx_word' id='word_1_77' title='bbox 484 1199 634 1257; x_wconf 89' lang='lat' dir='ltr'>opibus</span> <span class='ocrx_word' id='word_1_78' title='bbox 667 1202 953 1257; x_wconf 79' lang='lat' dir='ltr'>anteponere?</span> <span class='ocrx_word' id='word_1_79' title='bbox 976 1202 1056 1244; x_wconf 86' lang='lat' dir='ltr'>-At</span> <span class='ocrx_word' id='word_1_80' title='bbox 1093 1210 1234 1247; x_wconf 79' lang='lat' dir='ltr'>eorum</span> <span class='ocrx_word' id='word_1_81' title='bbox 1270 1203 1325 1246; x_wconf 88' lang='lat' dir='ltr'>li-</span> 
     </span>
     <span class='ocr_line' id='line_1_15' title="bbox 218 1273 1324 1332; baseline 0.007 -16"><span class='ocrx_word' id='word_1_82' title='bbox 218 1273 398 1317; x_wconf 78' lang='lat' dir='ltr'>beralem</span> <span class='ocrx_word' id='word_1_83' title='bbox 435 1289 551 1332; x_wconf 84' lang='lat' dir='ltr'>spem</span> <span class='ocrx_word' id='word_1_84' title='bbox 592 1276 851 1319; x_wconf 72' lang='lat' dir='ltr'>confirmavit</span> <span class='ocrx_word' id='word_1_85' title='bbox 893 1285 1073 1321; x_wconf 82' lang='lat' dir='ltr'>eventus.</span> <span class='ocrx_word' id='word_1_86' title='bbox 1166 1279 1324 1324; x_wconf 88' lang='lat' dir='ltr'>Omnes</span> 
     </span>
     <span class='ocr_line' id='line_1_16' title="bbox 215 1350 1323 1410; baseline 0.006 -18"><span class='ocrx_word' id='word_1_87' title='bbox 215 1350 307 1393; x_wconf 88' lang='lat' dir='ltr'>illae</span> <span class='ocrx_word' id='word_1_88' title='bbox 344 1351 579 1394; x_wconf 83' lang='lat' dir='ltr'>academiae</span> <span class='ocrx_word' id='word_1_89' title='bbox 620 1354 871 1410; x_wconf 86' lang='lat' dir='ltr'>quandoque</span> <span class='ocrx_word' id='word_1_90' title='bbox 905 1354 1124 1397; x_wconf 74' lang='lat' dir='ltr'>doctorum</span> <span class='ocrx_word' id='word_1_91' title='bbox 1155 1356 1323 1400; x_wconf 90' lang='lat' dir='ltr'>discen-</span> 
     </span>
     <span class='ocr_line' id='line_1_17' title="bbox 218 1427 1324 1492; baseline 0.008 -24"><span class='ocrx_word' id='word_1_92' title='bbox 218 1427 401 1483; x_wconf 84' lang='lat' dir='ltr'>tiumque</span> <span class='ocrx_word' id='word_1_93' title='bbox 439 1436 644 1485; x_wconf 82' lang='lat' dir='ltr'>proventu</span> <span class='ocrx_word' id='word_1_94' title='bbox 671 1429 728 1472; x_wconf 83' lang='lat' dir='ltr'>ita</span> <span class='ocrx_word' id='word_1_95' title='bbox 759 1430 1012 1483; x_wconf 77' lang='lat' dir='ltr'>floruerunt,</span> <span class='ocrx_word' id='word_1_96' title='bbox 1050 1439 1097 1474; x_wconf 42' lang='lat' dir='ltr'>*ut</span> <span class='ocrx_word' id='word_1_97' title='bbox 1127 1432 1324 1492; x_wconf 80' lang='lat' dir='ltr'>Europae</span> 
     </span>
     <span class='ocr_line' id='line_1_18' title="bbox 218 1504 780 1558; baseline 0.005 -12"><span class='ocrx_word' id='word_1_98' title='bbox 218 1504 360 1547; x_wconf 92' lang='lat' dir='ltr'>oculos</span> <span class='ocrx_word' id='word_1_99' title='bbox 391 1504 668 1549; x_wconf 77' lang='lat' dir='ltr'>adverterent.</span> <span class='ocrx_word' id='word_1_100' title='bbox 776 1555 780 1558; x_wconf 52' lang='grc'><strong>,</strong></span> 
     </span>
    </p>

    <p class='ocr_par' dir='ltr' id='par_1_3' title="bbox 219 1580 1391 2253">
     <span class='ocr_line' id='line_1_19' title="bbox 275 1580 1327 1640; baseline 0.008 -18"><span class='ocrx_word' id='word_1_101' title='bbox 275 1581 362 1623; x_wconf 86' lang='lat' dir='ltr'>Nec</span> <span class='ocrx_word' id='word_1_102' title='bbox 399 1580 546 1623; x_wconf 80' lang='lat' dir='ltr'>mirum</span> <span class='ocrx_word' id='word_1_103' title='bbox 583 1589 644 1625; x_wconf 83' lang='lat' dir='ltr'>est</span> <span class='ocrx_word' id='word_1_104' title='bbox 681 1590 766 1625; x_wconf 88' lang='lat' dir='ltr'>tam</span> <span class='ocrx_word' id='word_1_105' title='bbox 802 1597 1006 1640; x_wconf 80' lang='lat' dir='ltr'>generoso</span> <span class='ocrx_word' id='word_1_106' title='bbox 1045 1585 1184 1628; x_wconf 83' lang='lat' dir='ltr'>animo</span> <span class='ocrx_word' id='word_1_107' title='bbox 1223 1601 1327 1635; x_wconf 82' lang='lat' dir='ltr'>nos-</span> 
     </span>
     <span class='ocr_line' id='line_1_20' title="bbox 219 1656 1325 1717; baseline 0.006 -18"><span class='ocrx_word' id='word_1_108' title='bbox 219 1664 307 1700; x_wconf 77' lang='lat' dir='ltr'>tros</span> <span class='ocrx_word' id='word_1_109' title='bbox 343 1656 532 1700; x_wconf 80' lang='lat' dir='ltr'>homines</span> <span class='ocrx_word' id='word_1_110' title='bbox 567 1672 615 1701; x_wconf 90' lang='lat' dir='ltr'>eo</span> <span class='ocrx_word' id='word_1_111' title='bbox 648 1665 836 1717; x_wconf 82' lang='lat' dir='ltr'>tempore</span> <span class='ocrx_word' id='word_1_112' title='bbox 863 1660 1015 1714; x_wconf 86' lang='lat' dir='ltr'>fuisse,</span> <span class='ocrx_word' id='word_1_113' title='bbox 1047 1674 1153 1717; x_wconf 92' lang='lat' dir='ltr'>quos</span> <span class='ocrx_word' id='word_1_114' title='bbox 1187 1662 1325 1706; x_wconf 90' lang='lat' dir='ltr'>histo-</span> 
     </span>
     <span class='ocr_line' id='line_1_21' title="bbox 220 1734 1325 1796; baseline 0.006 -20"><span class='ocrx_word' id='word_1_115' title='bbox 220 1734 280 1776; x_wconf 81' lang='lat' dir='ltr'>ria</span> <span class='ocrx_word' id='word_1_116' title='bbox 320 1734 433 1777; x_wconf 87' lang='lat' dir='ltr'>omni</span> <span class='ocrx_word' id='word_1_117' title='bbox 467 1749 567 1778; x_wconf 86' lang='lat' dir='ltr'>aevo</span> <span class='ocrx_word' id='word_1_118' title='bbox 607 1736 712 1778; x_wconf 81' lang='lat' dir='ltr'>velut</span> <span class='ocrx_word' id='word_1_119' title='bbox 746 1736 947 1780; x_wconf 82' lang='lat' dir='ltr'>libertatis</span> <span class='ocrx_word' id='word_1_120' title='bbox 982 1738 1111 1781; x_wconf 81' lang='lat' dir='ltr'>rubro</span> <span class='ocrx_word' id='word_1_121' title='bbox 1141 1739 1325 1796; x_wconf 84' lang='lat' dir='ltr'>signasse</span> 
     </span>
     <span class='ocr_line' id='line_1_22' title="bbox 222 1811 1326 1873; baseline 0.006 -20"><span class='ocrx_word' id='word_1_122' title='bbox 222 1811 394 1854; x_wconf 76' lang='lat' dir='ltr'>videtur.</span> <span class='ocrx_word' id='word_1_123' title='bbox 457 1811 578 1854; x_wconf 82' lang='lat' dir='ltr'>Tunc</span> <span class='ocrx_word' id='word_1_124' title='bbox 611 1826 707 1855; x_wconf 80' lang='lat' dir='ltr'>vero</span> <span class='ocrx_word' id='word_1_125' title='bbox 733 1825 812 1869; x_wconf 81' lang='lat' dir='ltr'>pro</span> <span class='ocrx_word' id='word_1_126' title='bbox 841 1813 929 1869; x_wconf 76' lang='lat' dir='ltr'>jure</span> <span class='ocrx_word' id='word_1_127' title='bbox 960 1821 1000 1857; x_wconf 92' lang='lat' dir='ltr'>et</span> <span class='ocrx_word' id='word_1_128' title='bbox 1026 1829 1105 1873; x_wconf 79' lang='lat' dir='ltr'>pro</span> <span class='ocrx_word' id='word_1_129' title='bbox 1131 1815 1326 1873; x_wconf 83' lang='lat' dir='ltr'>religione</span> 
     </span>
     <span class='ocr_line' id='line_1_23' title="bbox 225 1888 1327 1950; baseline 0.005 -20"><span class='ocrx_word' id='word_1_130' title='bbox 225 1902 338 1930; x_wconf 78' lang='lat' dir='ltr'>arma</span> <span class='ocrx_word' id='word_1_131' title='bbox 381 1895 606 1945; x_wconf 79' lang='lat' dir='ltr'>ceperant,</span> <span class='ocrx_word' id='word_1_132' title='bbox 658 1888 808 1944; x_wconf 86' lang='lat' dir='ltr'>quibus</span> <span class='ocrx_word' id='word_1_133' title='bbox 847 1890 973 1933; x_wconf 84' lang='lat' dir='ltr'>rebus</span> <span class='ocrx_word' id='word_1_134' title='bbox 999 1891 1216 1950; x_wconf 12' lang='lat' dir='ltr'>‘ademptis</span> <span class='ocrx_word' id='word_1_135' title='bbox 1249 1907 1327 1937; x_wconf 89' lang='lat' dir='ltr'>nec</span> 
     </span>
     <span class='ocr_line' id='line_1_24' title="bbox 225 1964 1331 2027; baseline 0.006 -21"><span class='ocrx_word' id='word_1_136' title='bbox 225 1964 380 2007; x_wconf 73' lang='lat' dir='ltr'>civilem</span> <span class='ocrx_word' id='word_1_137' title='bbox 399 1965 523 2008; x_wconf 82' lang='lat' dir='ltr'>vitam</span> <span class='ocrx_word' id='word_1_138' title='bbox 559 1980 672 2017; x_wconf 85' lang='lat' dir='ltr'>esse,</span> <span class='ocrx_word' id='word_1_139' title='bbox 705 1980 780 2009; x_wconf 87' lang='lat' dir='ltr'>nec</span> <span class='ocrx_word' id='word_1_140' title='bbox 804 1967 1022 2011; x_wconf 88' lang='lat' dir='ltr'>coelestem</span> <span class='ocrx_word' id='word_1_141' title='bbox 1049 1968 1208 2026; x_wconf 81' lang='lat' dir='ltr'>sperari</span> <span class='ocrx_word' id='word_1_142' title='bbox 1224 1984 1331 2027; x_wconf 91' lang='lat' dir='ltr'>pos—</span> 
     </span>
     <span class='ocr_line' id='line_1_25' title="bbox 226 2041 1349 2101; baseline 0.004 -17"><span class='ocrx_word' id='word_1_143' title='bbox 226 2057 292 2093; x_wconf 85' lang='lat' dir='ltr'>se,</span> <span class='ocrx_word' id='word_1_144' title='bbox 324 2042 577 2097; x_wconf 76' lang='lat' dir='ltr'>judicabant.</span> <span class='ocrx_word' id='word_1_145' title='bbox 639 2043 808 2086; x_wconf 77' lang='lat' dir='ltr'>Placere</span> <span class='ocrx_word' id='word_1_146' title='bbox 833 2043 959 2101; x_wconf 82' lang='lat' dir='ltr'>igitur</span> <span class='ocrx_word' id='word_1_147' title='bbox 992 2044 1132 2087; x_wconf 86' lang='lat' dir='ltr'>debuit</span> <span class='ocrx_word' id='word_1_148' title='bbox 1156 2045 1234 2089; x_wconf 88' lang='lat' dir='ltr'>illis</span> <span class='ocrx_word' id='word_1_149' title='bbox 1257 2041 1349 2089; x_wconf 51' lang='lat' dir='ltr'>in-¹</span> 
     </span>
     <span class='ocr_line' id='line_1_26' title="bbox 226 2117 1391 2178; baseline 0.005 -19"><span class='ocrx_word' id='word_1_150' title='bbox 226 2117 407 2160; x_wconf 83' lang='lat' dir='ltr'>stitutum</span> <span class='ocrx_word' id='word_1_151' title='bbox 440 2131 532 2160; x_wconf 85' lang='lat' dir='ltr'>cum</span> <span class='ocrx_word' id='word_1_152' title='bbox 565 2124 708 2160; x_wconf 81' lang='lat' dir='ltr'>renata</span> <span class='ocrx_word' id='word_1_153' title='bbox 744 2118 934 2163; x_wconf 83' lang='lat' dir='ltr'>libertate</span> <span class='ocrx_word' id='word_1_154' title='bbox 963 2127 1125 2172; x_wconf 80' lang='lat' dir='ltr'>ortum,</span> <span class='ocrx_word' id='word_1_155' title='bbox 1174 2136 1330 2178; x_wconf 86' lang='lat' dir='ltr'>suaque</span> <span class='ocrx_word' id='word_1_156' title='bbox 1383 2142 1391 2144; x_wconf 19' lang='grc' dir='ltr'><strong><em>ἰ</em></strong></span> 
     </span>
     <span class='ocr_line' id='line_1_27' title="bbox 225 2194 1327 2253; baseline 0.007 -17"><span class='ocrx_word' id='word_1_157' title='bbox 225 2195 357 2251; x_wconf 79' lang='lat' dir='ltr'>ipsum</span> <span class='ocrx_word' id='word_1_158' title='bbox 391 2201 534 2237; x_wconf 68' lang='lat' dir='ltr'>natura</span> <span class='ocrx_word' id='word_1_159' title='bbox 559 2194 757 2247; x_wconf 75' lang='lat' dir='ltr'>liberum,</span> <span class='ocrx_word' id='word_1_160' title='bbox 792 2197 910 2251; x_wconf 81' lang='lat' dir='ltr'>quale</span> <span class='ocrx_word' id='word_1_161' title='bbox 949 2204 1009 2241; x_wconf 87' lang='lat' dir='ltr'>est</span> <span class='ocrx_word' id='word_1_162' title='bbox 1040 2196 1327 2253; x_wconf 62' lang='lat' dir='ltr'>U11ix1ersitas3</span> 
     </span>
    </p>
   </div>
  </div>
 </body>
</html>
