1487 2625
437 553 1032 601 ADNOTATIO.

232 903 314 950 pag.
334 904 368 940 5.
394 904 438 940 ad
461 904 585 940 verba·
613 904 734 951 apud
758 903 969 938 Veteres.
1007 901 1059 937 Cf.
1085 900 1298 937 Cicerode

187 965 250 1001 Off.
276 965 331 1001 ΙΙ.
358 966 415 1001 16.
441 965 478 1000 L.
506 966 538 1000 1.
564 965 605 1001 D.
632 966 674 999 de
694 965 825 1000 donatt.

235 1088 317 1134 Pag.
344 1088 379 1124 8.
428 1087 584 1123 Initio
609 1087 800 1134 quidem
824 1099 855 1121 e.
873 1099 905 1122 r.
933 1082 1132 1122 Communis
1151 1082 1300 1120 Univer-

188 1154 346 1189 sitatium
370 1153 519 1190 historia
536 1154 652 1190 adhuc
672 1154 905 1189 desideratur.
940 1153 1191 1189 Meinersianae
1208 1152 1304 1186 enim

188 1214 227 1258 id
254 1227 384 1250 nomen
413 1221 561 1262 propter
589 1215 852 1261 indiligentiam
882 1219 1045 1261 negatur.
1094 1213 1305 1260 Antiquior-a

190 1281 308 1312 autem
335 1277 466 1323 scripta
501 1277 759 1324 Middendorpii
792 1282 829 1311 et
865 1275 1046 1322 Conringii
1078 1275 1184 1309 exilia
1208 1279 1304 1308 sunt.

192 1336 369 1371 Francisci
401 1337 503 1372 Junii
527 1343 720 1373 tractatum
742 1338 787 1372 de
812 1337 998 1372 academiis
1024 1337 1158 1371 frustra
1181 1336 1305 1382 requi-

191 1397 272 1432 sivi.
322 1397 508 1443 Savignius
547 1399 710 1445 quidem,
745 1410 852 1445 quem
879 1398 918 1432 in
941 1398 997 1432 his
1023 1397 1128 1432 rebus
1154 1396 1307 1431 strictim

192 1463 333 1492 secutus
355 1470 448 1501 sum,
477 1459 521 1493 de
546 1460 683 1506 origine
706 1465 742 1494 et
761 1453 966 1494 conditione
988 1470 1057 1505 qua
1079 1458 1195 1492 medio
1220 1469 1307 1492 aevo

193 1519 358 1562 fuerunt,
399 1520 619 1563 testimonia,
658 1520 936 1562 accuratissime,
965 1525 1006 1554 ut
1039 1520 1145 1561 solet,
1173 1518 1307 1553 exami-

193 1579 312 1622 navit,
351 1580 605 1628 eleganterque
636 1582 854 1627 composuit,
883 1581 964 1622 sed,
994 1585 1034 1615 ut
1067 1580 1182 1626 operis
1215 1579 1308 1614 ratio

193 1640 410 1687 postulabat,
450 1653 523 1676 non
560 1642 657 1677 ultra
681 1653 905 1688 progressus,
934 1647 971 1675 et
987 1640 1308 1687 jurisprudentiam

194 1702 346 1736 maxime
369 1703 550 1748 spectavit.
602 1703 701 1737 Idem
731 1702 1001 1748 vero,propriae
1026 1702 1200 1748 cujusque
1234 1700 1308 1735 his-

197 1762 309 1797 toriae
348 1768 509 1798 auctores
544 1763 689 1798 indicat.
752 1763 831 1797 vid.
853 1763 895 1809 F.
926 1763 961 1798 C.
987 1774 1086 1797 von·
1108 1762 1309 1806 Savigny.

203 1822 407 1857 Geschichte
434 1824 493 1857 des
519 1824 734 1859 Ro‘mischen
760 1824 886 1859 Rechts
909 1824 959 1857 im
981 1823 1200 1865 Mittelalier,
1229 1821 1308 1856 Vol.

198 1883 267 1918 ΙΙΙ.
292 1895 372 1930 pag.
401 1884 480 1919 152.
506 1896 579 1930 seq.
604 1885 666 1921 Ed,
693 1885 741 1920 ΙΙ,
770 1884 992 1930 Heidelberg.
1022 1883 1124 1918 1834.
1220 1887 1223 1889 ’

246 2004 337 2039 Ibid.
365 2006 678 2051 optabantur.
714 2006 793 2041 Vid.
821 2006 1021 2052 Savigny.
1056 2005 1082 2039 1.
1109 2017 1140 2039 c.
1165 2005 1222 2039 n⁹.
1251 2004 1309 2039 88.

199 2077 278 2111 pag.
306 2065 387 2100 2140.
416 2077 487 2112 seq.
521 2067 737 2102 Meiners.
775 2067 977 2101 Gesclziclcte
1003 2066 1066 2099 der
1089 2065 1314 2111 Entstehunq

198 2127 277 2160 ‘tmd
314 2126 583 2173 Entwickelzmq
618 2128 680 2161 der
718 2127 832 2161 holzen
872 2126 1026 2161 Sclzuleu,
1056 2138 1182 2160 unsers
1215 2126 1310 2160 Erd-

202 2187 314 2222 theils.
353 2188 430 2222 Vol.
459 2188 487 2222 Ι.
514 2199 593 2233 pag.
622 2188 678 2222 62.
716 2199 759 2222 ex
785 2187 999 2222 Artistarum
1025 2187 1173 2221 Statutis
1209 2187 1310 2221 Pata-

207 2248 314 2290 vinis,
344 2259 435 2294 quae
457 2248 670 2282 Universitas
696 2260 716 2281 e
741 2248 956 2283 Bononiensi
978 2248 1129 2283 oriunda
1142 2247 1179 2282 in
1193 2247 1316 2294 primis

204 2309 457 2350 democraliea,
500 2315 535 2343 ct
573 2320 657 2343 vero
683 2308 920 2344 ochloeratica
945 2308 1054 2343 fuisse
1081 2307 1151 2342 dici
1177 2311 1312 2354 potest,
