1487 2625
251 235 300 285 54
471 221 1123 262 COMMENTATIO

250 335 361 380 cula,
395 332 697 380 quemadmodum
727 328 843 374 iilud,
871 330 964 367 Deos
993 339 1063 366 esse
1085 327 1359 367 colendoscivi-

252 405 343 442 tatis
368 403 471 448 lege,
500 409 735 447 praeceperat
763 400 941 447 Apollo
972 397 1244 444 Delphicus
1270 398 1354 445 (1).

252 473 310 512 De
333 471 484 517 reliquis
509 481 586 507 non
612 470 755 516 liquet,
783 481 853 517 qua
875 469 1014 505 ratione
1040 468 1063 505 S
1080 476 1270 504 ocrates
1298 479 1356 504 eas

252 540 441 591 institutas
471 551 550 576 esse
579 540 756 577 divinitus
786 537 1062 576 existimaverit.
1094 554 1118 558 ·’

301 610 379 646 Has
416 610 514 657 leges
553 609 590 646 in
627 609 800 657 regundis
836 608 946 645 rebus
973 606 1142 644 humanis
1169 604 1356 646 vindicant

252 679 358 726 etiarn
388 678 464 716 Dii.
506 678 640 716 Poenis
667 678 914 725 insequuntur
943 688 1035 721 eos,
1064 675 1129 723 qui
1157 683 1361 726 easytrans-

250 748 492 796 grediuntur‚
535 749 631 786 haud
668 747 912 796 effugiendis3
960 743 1359 794 praetereabeneficia

249 818 288 855 in
316 829 379 856 eos
406 816 573 856 conferre
598 818 732 855 nolunt
756 817 841 865 (2).
906 816 955 854 Iis
993 825 1146 861 contra,
1188 814 1251 862 qui
1279 813 1360 851 illas

251 887 479 934 observant,
519 887 644 925 favent
683 886 1019 935 prospiciuntque:
1059 895 1140 922 narn
1176 883 1362 921 benefaci-

247 966 318 994 unt
352 957 397 994 iis
433 965 572 994 tantum
592 982 604 1001 ‚
641 957 705 1004 qui
741 956 812 993 sibi
851 955 944 1003 grati
972 964 1087 1001 sunt,
1117 953 1208 1002 grati
1235 962 1355 992 autem

248 1034 338 1074 sunt
365 1025 389 1062 ii
417 1033 556 1066 tanturn
573 1053 586 1072 ‚
621 1025 685 1073 qui
712 1026 857 1073 legibus
884 1025 963 1062 suis
990 1024 1243 1070 obtemperant
1268 1023 1353 1070 (3).

248 1093 298 1133 Iis
331 1104 449 1132 autern
466 1122 478 1142 ‚
518 1095 583 1142 qui
617 1095 687 1134 sibi
715 1095 806 1142 grati
834 1103 950 1140 sunt,
988 1094 1059 1131 hoc
1087 1092 1272 1141 imprimis
1296 1092 1358 1129 be-

248 1163 421 1212 neficium
454 1164 647 1211 tribuunt,
688 1165 788 1212 quod
823 1175 889 1202 eos
926 1165 1142 1201 admoneant
1170 1162 1215 1198 de
1242 1161 1354 1198 rebus

249 1232 412 1273 futuris:
454 1245 525 1281 qua
561 1235 607 1273 de
643 1245 681 1271 re
716 1233 893 1270 nonnulla
928 1232 1078 1269 dicenda
1114 1239 1225 1275 sunto,
1270 1230 1357 1277 quia

252 1305 408 1341 muitum
432 1304 468 1341 id
480 1303 568 1341 facit
587 1305 631 1341 ad
652 1303 947 1351 cognoscendum
974 1300 1186 1338 Socratis
1211 1300 1356 1348 privum

249 1372 450 1421 ingenium·
481 1372 630 1410 Scilicet
657 1372 694 1409 in
723 1384 831 1416 cura,
860 1383 966 1418 quam
991 1370 1054 1408 Dii
1079 1370 1266 1407 hominum
1293 1380 1356 1417 ge-

247 1449 361 1488 runt,
399 1441 610 1488 primarium
647 1442 823 1488 quendam
856 1441 977 1478 locum
1020 1440 1205 1478 tribuebat
1232 1451 1350 1477 rerum

248 1508 455 1548 futurarum
481 1510 855 1548 manifestationibus.
909 1510 992 1560 Qua
1016 1510 1053 1547 in
1080 1522 1117 1547 re
1143 1521 1218 1547 non
1243 1510 1353 1547 ratio—

247 1581 468 1629 efflabatur,
507 1589 548 1617 ut
589 1581 717 1617 deinde
755 1580 932 1617 Stoici:
979 1581 1016 1617 hi
1055 1580 1149 1617 enim
1191 1591 1239 1618 ex
1278 1590 1350 1626 eo,

248 1651 350 1697 qnod
376 1649 438 1687 Dii
466 1650 569 1696 sint,
600 1650 842 1697 hominesque
869 1650 1020 1697 diiigant
1039 1677 1051 1696 ‚
1082 1658 1147 1696 et,
1176 1650 1266 1697 quid
1291 1649 1353 1687 fu-

247 1729 371 1756 turum
399 1720 447 1756 sit
464 1747 476 1765 ‚
505 1720 648 1765 sciant,
686 1733 711 1756 a
735 1722 857 1770 priori
884 1719 1111 1766 efficiebant,
1141 1730 1204 1757 eos
1232 1719 1350 1757 homi·

246 1788 358 1837 nibus
395 1787 519 1825 futura
555 1789 760 1836 significare
787 1792 869 1837 (4).
931 1790 996 1826 Ille
1021 1798 1147 1827 contra
1166 1817 1178 1835 ‚
1218 1800 1259 1827 ut
1282 1791 1352 1837 jam

251 1857 435 1902 vidimus,
464 1868 508 1893 ex
535 1868 578 1893 eo
596 1885 608 1903 ‚
637 1859 738 1904 quod
762 1858 823 1895 Dii
849 1859 1059 1896 hominibus
1077 1859 1200 1897 futura
1215 1860 1356 1907 signifi-

247 1935 400 1978 carent,
424 1926 603 1974 probabat
623 1955 636 1973 ‚
660 1939 722 1965 eos
751 1939 806 1965 res
834 1928 1007 1966 humanas
1033 1940 1172 1967 curare.
1207 1930 1351 1968 Existi-

1274 2011 1347 2040 mar

285 2109 338 2145 (ι)
360 2109 458 2138 Mem.
481 2108 542 2140 IV.
565 2119 593 2139 c.
613 2109 643 2139 5.
664 2111 690 2146 §-
714 2110 765 2139 16.
784 2110 861 2141 coll.
883 2109 910 2140 1.
932 2121 961 2141 c.
983 2111 1013 2141 3.
1058 2132 1066 2141 .
1088 2121 1117 2141 2.

283 2169 335 2207 (2)
358 2169 455 2197 Mem.
478 2168 524 2199 11.
547 2178 575 2198 c.
598 2178 627 2198 2.
658 2169 686 2204 ἕ.
708 2169 758 2199 14.

275 2227 335 2265 (3)
358 2229 455 2257 Mem.
477 2226 538 2258 1V.
560 2237 589 2257 c.
609 2228 638 2257 5.
662 2229 692 2268 §.
715 2237 762 2268 ¹7·
790 2228 836 2258 11.
858 2238 932 2258 cn.
948 2231 968 2268 ᾗ
984 2229 1033 2258 28.
1060 2228 1124 2258 111.
1140 2238 1166 2257 c.
1183 2237 1212 2267 9.
1232 2229 1261 2268 §.
1283 2227 1331 2257 15.

282 2286 332 2329 (ἦ)
357 2286 407 2327 Cf.
436 2287 609 2328 Cineres,⁴
632 2288 669 2316 de
689 2288 906 2317 Divinatione
928 2288 955 2318 1.
978 2287 1029 2318 58.
