1487 2625
225 170 296 206 140
448 156 1112 197 COMMENTATIO

215 266 496 315 Praecipitatum
525 264 617 302 illud
634 292 647 312 ,
680 265 783 312 quod
809 265 942 313 partim
976 277 998 305 e
1021 267 1232 316 sulphureti
1260 270 1331 307 Ar-

218 335 333 375 senici
348 364 361 383 ,
389 334 520 383 partim
543 346 630 372 vero
654 336 774 383 Cupri
797 335 994 374 formatum
1017 347 1328 387 est‚separetur‚

217 419 290 455 ope
317 417 432 453 aquae
456 404 657 443 destinatae
686 406 916 453 deputetur,
945 415 1057 456 atque
1089 419 1154 455 per
1175 409 1331 447 Ammo·

215 476 312 514 niam
349 473 519 512 Arsenici
546 475 805 523 sulphuretum
833 487 853 513 a
879 476 1101 525 sulphureto
1127 478 1248 526 Cupri
1272 490 1331 516 se-

213 545 403 594 jungatur.
482 544 588 583 Prius
632 556 698 593 per
732 545 875 584 acidum
922 547 1248 596 hydrochloricum
1285 560 1330 587 ex

216 615 414 654 Ammonia
439 626 614 663 praeceps
641 615 874 664 dimittatur,
902 625 1015 665 atque
1045 618 1198 667 saepius
1230 617 1328 658 dicta

216 687 359 724 ratione
386 686 728 734 decomponantur.
775 674 779 679 ’

692 825 725 874 §.
780 837 842 863 22.

431 959 500 996 De
541 957 819 996 Arseniite
859 959 1126 999 Potassae.

270 1093 379 1131 Rasin
401 1093 598 1132 constituit
630 1095 818 1132 solutionis
848 1095 1041 1133 minet-alis
1077 1095 1108 1132 F
1120 1095 1331 1143 owleri,

217 1164 255 1201 in
294 1164 366 1201 fine
405 1164 521 1202 seculi
558 1165 727 1212 proxime
771 1164 887 1212 elapsi
926 1173 963 1202 et
995 1164 1034 1202 in
1074 1164 1183 1202 initio
1223 1165 1330 1202 etiam

216 1234 338 1272 nostri
369 1234 407 1271 in
438 1234 632 1272 curatione
667 1233 826 1272 febrium
857 1234 1177 1272 intermittentium
1217 1235 1333 1272 larva·

218 1313 335 1342 tarum
372 1304 552 1342 laudatae.
605 1303 731 1354 HuJ'us
763 1304 964 1342 solutionis
1001 1313 1128 1353 guttae
1161 1307 1209 1342 80
1240 1314 1331 1342 con-

220 1374 339 1411 tinent
371 1383 522 1422 granum
558 1376 580 1422 ³2-
613 1374 706 1411 acidi
745 1373 960 1411 arsenicosi.

267 1445 337 1482 Per
372 1444 516 1482 acidum
559 1443 737 1482 aceticum
773 1444 933 1492 separari
971 1452 1097 1492 potest
1130 1455 1150 1482 a
1177 1443 1330 1482 Potassa

219 1514 363 1551 acidum
405 1513 672 1551 arsenicosum.
727 1513 812 1553 Hoc
851 1514 1044 1563 detegetur
1068 1525 1140 1561 ope
1177 1513 1331 1563 Hydro-

219 1583 318 1631 genii
348 1584 560 1632 sulphurati
582 1592 693 1631 atque
720 1595 740 1621 e
765 1584 987 1632 sulphureto
1014 1583 1174 1622 formato
1207 1584 1330 1632 ipsum

220 1653 405 1691 metallum
444 1653 647 1693 reducitur.

707 1806 729 1853 §
782 1818 845 1855 23.

251 1944 322 1983 De
362 1942 529 1982 Aeido
570 1942 888 1982 Arsenicico
928 1952 975 1982 et
1014 1943 1301 1983 Arseniate

642 2014 907 2052 Potassae.

273 2144 409 2182 Rarius
450 2153 667 2183 occurrunt.
720 2145 881 2184 Acidum
918 2144 1158 2183 arsenicieum
1194 2142 1334 2181 coloris

222 2213 300 2253 fere
345 2224 401 2253 est
445 2225 602 2264 expers,
648 2227 780 2265 sapore
813 2216 946 2265 gaudet
983 2214 1103 2255 acido.
1180 2213 1337 2261 Propter

1245 2292 1337 2320 aeris
