1487 2625
237 208 283 244 28
465 205 1131 245 COMMENTATIO

237 313 363 352 indole
387 313 694 361 inflammatoria2,
724 314 929 361 interdum,
957 315 1013 352 his
1039 315 1159 352 adhuc
1189 314 1357 353 saevien-

239 385 370 432 tibus,
414 385 474 422 illa
509 391 714 432 apparents
757 384 873 421 rarius
914 395 1033 421 autem
1070 393 1271 431 utrumque
1296 394 1359 432 ge·

239 466 310 492 nus
339 455 464 492 eodem
493 463 659 502 tempore
685 453 830 502 incipit.

287 524 388 562 Inter
424 524 511 561 haec
545 533 795 573 symptomata
834 523 872 561 in
910 522 1107 562 affectione
1142 524 1357 573 systematis

241 594 368 632 nervei
409 594 589 640 fundata,
627 606 714 642 prae
750 593 881 632 ceteris
925 592 1159 641 frequentior
1194 593 1361 631 cernitur

237 664 443 714 paralysis,
490 664 643 712 reliquis
685 664 902 713 benignior,
943 675 1009 712 per
1045 665 1199 712 longum
1237 672 1374 702 tamen,

237 735 424 773 interdum
450 736 632 784 temporis
662 736 822 783 spatium
854 746 984 783 aegros
1012 743 1157 772 tenens.

289 807 421 844 Celeb.
451 807 506 844 de
528 806 656 844 Haen
682 805 837 854 primam
871 805 982 855 hujus
1008 805 1153 854 generis
1178 816 1263 843 curn
1289 816 1360 854 pu-

237 875 338 913 blico
371 875 661 915 communicavit
692 876 991 914 observationem
1019 874 1205 914 foeminae
1230 875 1360 925 cujus·

236 947 345 994 dam,
381 959 474 994 quae
509 948 702 995 quamdam
731 946 903 985 Arsenici
934 946 1206 993 quantitatem,
1236 957 1281 984 eo
1307 944 1362 984 ef·

235 1016 337 1055 fectu
367 1018 541 1056 hauserat
559 1046 571 1064 ,
607 1027 646 1054 ut
682 1018 801 1054 valida
828 1016 1021 1063 prodirent
1050 1015 1361 1054 inflammationis

236 1096 508 1135 symptomata,
539 1099 632 1135 quae
656 1087 714 1124 die
738 1088 903 1124 secundo
927 1095 962 1124 et
977 1086 1088 1123 tertio
1109 1085 1360 1124 remittebant.

236 1158 383 1208 Quarto
408 1170 497 1196 vero
520 1159 579 1195 die
608 1159 719 1204 pedes
745 1157 879 1217 invasit
905 1157 970 1203 qui
998 1155 1134 1194 dicitur
1161 1168 1362 1204 crampus,

237 1239 436 1276 crassaque
459 1230 666 1276 plantarum
699 1228 833 1274 pedum
867 1227 1064 1274 epidermis
1089 1234 1167 1263 tota
1192 1225 1361 1263 secessit.

236 1300 374 1338 Balneo
411 1299 609 1345 adhibito,
659 1309 809 1335 crurum
853 1297 926 1345 ipsi
970 1298 1107 1333 sensim
1148 1295 1364 1344 impeditior

236 1379 384 1416 motus,
415 1378 456 1406 ut
481 1369 620 1417 ingenti
649 1380 731 1405 cum
763 1367 889 1405 labore
919 1365 1202 1414 {arctissimeque
1227 1377 1361 1415 passus

239 1440 418 1486 quosdam
455 1440 605 1485 ederet,
658 1449 784 1474 verum
833 1438 878 1474 ab
923 1436 1072 1473 ineunte
1116 1436 1360 1484 Septembri,

238 1520 391 1555 mense,
419 1521 438 1546 a
465 1518 633 1546 comesto
668 1518 811 1545 veneno
838 1506 1032 1552 secundo,
1068 1505 1241 1543 cruribus
1278 1517 1360 1544 mo-

237 1579 365 1618 vendis
393 1580 486 1618 ultra
512 1591 588 1617 nou
619 1588 746 1624 esset,
772 1587 1024 1623 manuumque
1047 1587 1087 1613 ae
1115 1576 1359 1615 brachiorum

237 1651 315 1689 fere
349 1662 494 1688 omnem
532 1658 674 1686 motum
713 1648 923 1694 amitteret,
973 1647 1139 1684 humeris
1188 1647 1280 1685 soliS
1318 1659 1359 1686 ac

236 1719 442 1758 femoribus
480 1730 557 1756 non
594 1719 688 1756 nihil
726 1718 844 1755 adhuc
887 1717 1143 1765 obsequiosis.
1204 1716 1363 1765 Jamque

239 1790 417 1827 universo
443 1790 487 1826 de
516 1799 698 1836 corpore,
728 1795 840 1835 caput
862 1788 894 1824 si
918 1787 1104 1834 exceperis
1122 1815 1134 1833 ,
1159 1786 1360 1835 epidermis

237 1863 405 1901 secessit.
460 1861 704 1900 Postmodum
735 1869 854 1897 autem
900 1869 1023 1897 motus
1065 1858 1222 1906 exiguus
1260 1868 1364 1896 mus-

237 1934 333 1971 culis
366 1943 540 1970 manuum
575 1931 706 1978 rediit,
741 1931 935 1968 accedente
962 1928 1186 1967 intolerabili
1209 1939 1360 1966 crurum

238 2006 449 2053 pedumque
477 2003 649 2051 pruritu,
678 2013 761 2040 cum
785 2002 1008 2048 reliquarum
1037 1999 1273 2038 functionum
1305 1999 1362 2037 in-

243 2075 393 2123 tegritas
422 2074 573 2111 minime
600 2081 696 2110 esset
722 2073 832 2109 laesa.

291 2145 426 2183 Mense
460 2156 548 2181 vero
585 2152 716 2191 quarto
759 2141 874 2179 febris
915 2140 1180 2185 adoriebatur,
1210 2138 1363 2176 cardial-

239 2215 325 2264 gia,
356 2214 582 2261 cephalalgia
621 2224 655 2250 ct
683 2212 988 2261 prosternebatur
1023 2211 1208 2248 tantillum
1244 2209 1359 2256 illud,

239 2285 342 2333 quod
365 2293 556 2332 supererat
581 2292 720 2322 motus.
771 2283 898 2330 Spatio
912 2282 1079 2320 bimestri
1099 2267 1359 2322 medicamenta

1299 2361 1362 2398 pa·
