1487 2625
211 158 269 201 [ιῦ
453 159 591 204 ADR.
624 159 789 205 CATH.
819 160 1079 208 HOLTIUS

213 294 408 336 nonnulla
441 293 492 338 de
530 294 789 351 gravioribus
818 295 919 353 juris
949 295 1052 341 locis
1081 298 1319 342 accuratio-

212 368 270 411 ris
297 369 512 412 doctrinae
536 369 777 428 specimina,
813 370 993 416 Tantum
1017 372 1193 431 impiger
1217 374 1321 417 En-

212 460 231 488 s
249 459 272 489 c
287 445 314 488 h
330 461 354 488 u
371 445 448 488 tiu
465 461 485 489 s
510 445 553 488 in
582 446 726 491 schola
748 454 936 505 poterat3
967 455 1009 491 at
1035 448 1182 501 simul,
1204 449 1320 506 quod

212 536 345 580 prope
380 522 502 566 fidem
543 531 735 581 superet,
787 523 879 567 foro
918 539 1091 582 operam
1123 525 1253 568 dabat
1279 532 1320 569 et

212 600 601 644 consultationibus.
693 600 893 643 Nimirum
952 615 1131 659 corpore
1183 601 1320 645 valido

211 683 320 728 erat,
353 675 506 734 vigilias
534 677 652 721 facile
676 679 904 730 tolerante,
957 685 996 721 et
1023 678 1321 737 potentissimis

209 753 333 796 animi
360 754 638 798 facultatibus.
702 754 924 798 Scribendi
956 756 1206 813 dicendique
1244 769 1321 800 ce-

207 829 413 876 lerrimus.
478 830 768 890 Coniungebat
804 839 1020 889 praeterea
1050 847 1143 876 cum
1175 832 1319 890 judicii

208 908 434 951 subtilitate
469 907 685 951 doctrinae
719 907 911 966 copiam,
944 922 1030 951 non
1067 908 1193 952 modo
1217 908 1320 966 phi-

208 983 452 1043 losophicae
492 983 627 1037 illius,
658 998 766 1040 quae
797 984 864 1027 Ius
901 985 1099 1028 Naturale
1125 985 1318 1044 appella—

207 1067 275 1103 tur
286 1077 296 1115 3
329 1061 404 1117 sed
437 1060 715 1118 reipublicae,
752 1060 853 1117 juris
879 1061 1035 1115 civilis,
1063 1061 1316 1116 criminalis,

207 1137 408 1189 forensis,
455 1138 606 1195 patrii,
652 1136 876 1191 Francici,
918 1137 1158 1182 cumulabat
1200 1139 1318 1198 peri-

206 1213 321 1257 tiam.
379 1214 535 1272 Magna
570 1214 698 1271 igitur
734 1214 894 1270 jactura
928 1228 1017 1258 esse
1046 1216 1186 1274 coepit
1212 1231 1317 1260 aca-

206 1290 364 1334 demiae
396 1298 584 1344 nostrae,
608 1305 702 1334 cum
742 1291 1089 1335 Enschutius
1116 1293 1317 1352 languore

205 1373 424 1424 correptus
454 1366 489 1409 ei
518 1366 561 1409 in
592 1367 679 1410 dies
716 1367 845 1424 magis
867 1369 1065 1426 prodesse
1087 1384 1212 1428 posse
1238 1371 1316 1416 de·-

204 1443 368 1487 sineret.
432 1444 607 1496 Verum,
651 1451 695 1487 ut
722 1444 935 1502 praefatus
961 1460 1049 1488 sum
1069 1476 1080 1497 ‚
1120 1460 1205 1489 non
1237 1447 1317 1492 de-

203 1528 298 1564 sunt
326 1520 500 1578 gauffla,
557 1521 708 1577 quibus
740 1521 875 1563 luctus
907 1528 1050 1565 noster
1088 1522 1311 1569 minuatur.

202 1597 497 1641 Enschutii
540 1598 636 1640 loco
674 1595 895 1641 suffectum
950 1598 1172 1642 succedere
1204 1599 1314 1643 vidi-

202 1689 294 1717 mus
350 1674 432 1717 hoc
503 1688 613 1716 anno
653 1674 927 1717 Joannem
975 1675 1310 1721 Michaelem

201 1750 437 1797 Francis
455 1764 567 1793 cum
598 1750 929 1803 Birnbaum,
957 1752 1312 1812 pervigintipro-
1374 1800 1378 1805 ,

200 1843 254 1886 pe
282 1842 414 1871 annos
442 1828 486 1870 in
518 1827 729 1870 academia
767 1827 1040 1881 Lowniensi,
1074 1829 1310 1884 Rhenana,

201 1904 473 1962 Friburgensi
485 1936 495 1956 ‚
516 1919 584 1948 eas
593 1904 634 1946 in
650 1903 797 1962 primis
809 1904 910 1961 juris
921 1913 1062 1963 partes
1071 1907 1307 1965 professum

202 1982 352 2039 quibus
388 1983 454 2025 ille
486 1984 677 2036 praeiisse
712 1981 893 2038 solebat3
922 1983 980 2027 ita
1013 1998 1112 2028 vero
1138 1986 1308 2042 profes-

202 2075 315 2112 sum,
347 2067 392 2102 ut
421 2074 506 2102 non
542 2059 671 2103 modo
712 2059 956 2104 academicis
999 2060 1307 2106 dissertationi-

202 2137 281 2179 bus
314 2136 583 2179 institutionis
622 2151 719 2179 suae
762 2137 1017 2189 ubertatem,
1063 2138 1137 2181 sed
1181 2139 1304 2183 etiam

203 2213 288 2260 suis.
300 2213 390 2273 ipse
406 2212 585 2273 ‚seriptis
610 2221 848 2258 accuratam
869 2207 1101 2259 doctrinam
1126 2222 1165 2259 et
1181 2230 1306 2274 egre-
