1487 2625
226 127 285 171 26
469 124 608 169 ADR.
642 124 807 170 CATH.
841 125 1099 170 HOLTlUS

227 260 306 305 Alii
326 267 474 319 sponte
487 266 711 312 venerunt,
740 259 842 302 utin
857 259 920 302 his
933 259 1155 317 paludibus
1170 292 1182 313 ‚
1207 256 1333 304 relic-

230 346 273 381 ta
292 337 451 395 patriae
463 335 709 379 amoenitate
723 366 735 385 ‚
753 335 958 391 salubrem
975 335 1178 381 libertatis
1192 351 1336 382 auram

231 414 451 473 spirarent.
487 411 716 455 Cal-tesium
744 411 825 466 jam
851 413 1087 466 nominavi,
1109 413 1223 457 cuius
1244 427 1338 457 me-

231 491 406 534 moriam
429 489 591 532 nuncin
603 488 690 532 dies
703 487 833 545 magis
848 487 957 543 justo
968 488 1128 533 honore
1143 489 1336 535 hahetur.

230 569 376 624 Itaque
405 567 556 616 fiebat,
588 573 631 609 ut
665 564 898 608 academiae
936 572 1105 608 nostrae
1137 572 1337 622 tanquam

227 643 429 689 libertatis
459 643 617 702 pariter
642 650 681 686 et
710 641 933 700 sapientiae
964 643 1075 699 asyla
1108 643 1161 686 ab
1189 644 1339 687 exteris

230 723 551 767 celebrarentur.
608 715 752 776 Neque
776 718 892 763 initio
922 726 1081 762 tantum
1099 751 1111 772 ‚
1136 719 1338 777 flagrante

228 799 415 844 libertate
428 832 439 852 ‚
471 798 544 843 sed
560 797 872 855 omnitempore
886 796 983 840 dum
1000 796 1233 855 respublica
1248 803 1337 841 erat

229 877 289 920 sic
321 876 566 934 judicarunt.
644 874 721 917 Ru
737 873 970 917 hnkenii
1011 880 1153 917 notum
1185 880 1248 917 est
1283 873 1337 917 de

229 954 363 1012 patria
385 959 548 1003 nostra,
580 958 619 994 et
639 950 688 994 de
707 949 917 993 academia
943 949 1156 1002 Leidensi,
1183 949 1337 1005 judici-

228 1046 295 1073 um
314 1062 325 1083 ,
353 1037 413 1073 est
439 1028 560 1072 etiam
586 1026 1041 1086 WVyttenbachii.
1105 1026 1212 1070 Huic
1237 1026 1337 1071 Lei-

230 1106 325 1149 dam
351 1105 529 1163 primum
560 1105 697 1147 delato
725 1105 885 1147 Atticae
911 1104 1056 1147 Musae
1079 1119 1128 1147 ex
1142 1103 1336 1148 omnibus

228 1182 414 1226 tabernis
453 1182 614 1240 spirare
654 1181 923 1235 videbantur3
961 1180 1028 1224 ille
1061 1181 1243 1225 Batavos
1272 1181 1338 1225 ci-

229 1275 299 1303 ves
328 1274 444 1316 reges
473 1273 584 1310 esse,
611 1258 654 1301 in
682 1273 785 1314 quas
801 1272 932 1314 (nemo
946 1256 1180 1300 mortalium
1196 1256 1337 1316 impe-

227 1336 331 1379 rium
354 1337 547 1388 haberet,
580 1335 865 1393 praedicabat.
899 1335 1038 1377 Ambo
1060 1342 1194 1379 autem
1209 1350 1336 1394 pere-

226 1413 331 1471 grini
362 1412 412 1455 ad
447 1412 706 1456 Leidensium
739 1412 1024 1470 professorum
1059 1412 1225 1456 scholas
1261 1429 1337 1457 ve-

228 1497 396 1545 nerant3
416 1497 457 1532 at
473 1490 678 1548 peregrini
693 1490 752 1533 ibi
770 1490 829 1533 sic
845 1489 1104 1542 habitarunt,
1118 1490 1330 1544 vixerunt,

229 1568 480 1618 docuerunt,
515 1575 558 1610 ut
586 1567 695 1610 cives
710 1567 811 1618 sibi,
833 1581 918 1610 non
935 1566 1119 1624 hospites
1128 1598 1140 1619 ‚
1166 1581 1254 1611 esse
1268 1567 1334 1611 vi·-

226 1645 436 1689 derentur.
513 1644 703 1688 Ceterum
747 1644 827 1687 ista
871 1643 1048 1687 docendi
1087 1644 1241 1687 mentio
1278 1646 1333 1688 ad

224 1721 344 1765 aliam
375 1721 608 1777 argumenti
636 1728 798 1779 partem
831 1735 896 1764 me
931 1727 1052 1763 vocat
1081 1720 1123 1763 in
1150 1720 1331 1767 docendi

221 1798 309 1842 iure
340 1798 515 1856 positam
535 1814 545 1851 3
578 1804 617 1841 et
642 1798 724 1840 hoc
749 1796 916 1840 nomine
933 1797 1088 1855 placuit
1103 1798 1333 1855 majoribus

224 1873 483 1919 Universitas
513 1873 760 1932 publica,
785 1889 957 1930 eamque
977 1888 1061 1917 non
1075 1874 1331 1920 minuslibe-

196 1972 199 1973 ⁷
221 1951 387 2003 raliter‚
419 1951 493 1994 sed
530 1951 798 2009 prudentius,
837 1966 960 2008 quam
987 1966 1077 1995 eam
1101 1952 1200 1996 alibi
1224 1965 1332 1996 con-

222 2027 403 2071 stitutam
432 2027 685 2079 invenimus,
715 2028 1028 2074 constituerunt.

281 2105 479 2149 Nimirum
508 2105 699 2149 laudibus
727 2103 868 2149 efferri
897 2107 1001 2150 solet
1016 2104 1129 2164 apud
1142 2113 1328 2159 exteros,

223 2195 306 2225 non
325 2181 529 2225 immerito
545 2214 555 2233 ‚
581 2182 811 2236 institutum
831 2190 869 2227 et
883 2197 1009 2241 genus
1026 2183 1244 2230 doctorum
1259 2184 1327 2241 qui
