1487 2625
219 217 269 262 46
452 201 1113 248 COMMENTATIO

219 322 284 360 sed
300 348 312 367 ‚
343 330 382 357 ut
406 319 478 367 jam
506 316 543 352 in
566 313 726 352 introitu
749 312 991 359 videbamus,
1019 313 1056 350 in
1076 323 1121 350 eo
1138 310 1332 358 substitit,

221 401 261 428 ut
295 390 456 433 videret‚
498 385 684 432 sapienter
723 390 966 431 prospectum
1003 393 1083 419 esse
1108 394 1128 420 a
1156 384 1237 421 Deo
1262 382 1333 419 ho-

220 461 327 497 minis
367 457 588 504 indigentiae
628 453 819 499 sensuali3
870 463 989 490 rerum
1035 459 1202 490 naturam
1227 463 1332 493 vcone

220 531 381 571 sitierat,
424 534 606 574 quatenus
643 523 807 561 hominis
849 531 1000 560 naturae
1025 521 1218 568 sensuali,
1256 531 1333 560 non

221 607 403 648 quatenus
444 595 607 634 hominis
642 603 793 632 naturae
819 592 1030 640 spirituali,
1068 591 1116 629 ad
1137 589 1336 640 perfectio·

218 681 300 707 nem
329 667 492 706 divinam
519 665 740 704 excolendae
757 691 770 710 ‚
798 663 1072 702 accommodata
1097 661 1164 700 sit.

270 740 374 777 Deus
402 748 479 775 non
506 744 649 773 tantum
677 733 841 771 omnium
868 744 988 771 rerum
1012 743 1123 771 causa
1147 739 1232 778 est,
1267 731 1335 770 sed

217 809 398 847 continuo
424 818 482 845 res
515 816 677 843 terrenas
703 813 806 842 curat
822 832 835 851 ,
872 803 1127 850 mundumque
1153 809 1335 850 perpetuo

216 880 311 926 regit
325 887 361 916 et
383 878 610 914 moderatur.
641 875 832 912 Hiclocus
847 874 886 911 in
912 871 1129 911 Socratis
1154 872 1203 910 de
1221 871 1334 910 rebus

218 949 358 987 divinis
394 947 564 985 doctrina
601 945 842 994 gravissimus
885 951 971 988 est,
1013 950 1049 980 et
1095 942 1182 990 quia
1221 940 1338 989 inpri-

218 1019 289 1057 mis
314 1018 358 1055 ab
380 1030 426 1056 eo
444 1025 501 1054 est
526 1016 730 1064 explicatus
747 1042 760 1061 ‚
790 1022 922 1062 utpote
942 1014 987 1051 ad
1005 1011 1197 1051 hominum
1221 1010 1335 1048 vitam

218 1089 411 1136 regendam
437 1085 741 1130 efficacissimus,
778 1092 814 1121 et
848 1083 933 1131 quia
971 1082 1017 1119 de
1049 1092 1094 1119 eo
1119 1089 1191 1118 tam
1220 1089 1335 1128 purae

216 1168 319 1197 erant
359 1157 549 1195 Socrati
599 1154 804 1199 notiones,
861 1161 902 1190 ut
946 1151 1040 1189 nulli
1082 1150 1197 1198 magis
1240 1148 1337 1186 anti-

217 1239 377 1275 quorum
401 1225 718 1274 philosophorum
737 1251 750 1269 ‚
779 1230 816 1260 et
829 1221 916 1270 quia
929 1231 1006 1258 non
1028 1229 1230 1268 possumus
1252 1228 1333 1257 non

215 1296 386 1335 admirari
419 1296 599 1343 optimum
643 1294 794 1336 virum,
846 1290 983 1339 ingenii
1023 1288 1082 1327 sui
1120 1289 1334 1335 sensusque

215 1367 380 1414 religiosi
407 1365 445 1404 vi
472 1366 518 1403 ad
541 1364 684 1413 egregia
713 1373 882 1410 quaeque
907 1361 1076 1399 ductum.

263 1437 425 1475 Difficile
464 1444 584 1474 autem
625 1443 682 1472 est
723 1433 822 1481 apud
859 1432 1129 1476 Socratem,
1167 1437 1210 1466 ut
1234 1428 1335 1476 apud

217 1509 418 1555 plerosque
457 1506 710 1553 philosophos
748 1503 952 1550 antiquos,
992 1507 1166 1538 accurate>
1199 1497 1333 1536 distin-

216 1590 326 1627 guere
373 1577 467 1614 inter
511 1577 734 1614 creationem
790 1572 916 1610 mundi
965 1580 1001 1609 et
1055 1568 1330 1621 providentiam

215 1648 375 1685 divinam
390 1676 402 1694 ,
430 1658 542 1694 quum
558 1646 603 1682 ab
615 1656 659 1682 eo
676 1645 895 1692 plerumque
909 1641 1185 1690 conjungantur
1200 1667 1213 1685 ‚
1241 1647 1277 1677 et
1291 1637 1331 1676 in

215 1720 295 1767 ejus
311 1717 477 1754 doctrina
493 1717 715 1753 coalescant.
745 1714 871 1761 Ipsum
889 1712 980 1750 illud
995 1739 1009 1758 ‚
1036 1711 1140 1758 quod
1168 1710 1332 1748 Socra—

212 1798 290 1825 tes
317 1786 572 1834 gravissimum
600 1784 783 1828 habebat,
812 1782 988 1830 placitum
1025 1784 1119 1826 θεοὺς
1145 1781 1329 1830 ἀνθρώπων

216 1864 435 1912 φροντίζειν,
474 1860 570 1898 Deos
596 1872 652 1896 res
679 1860 861 1896 htmumas
888 1868 1055 1903 curare,
1093 1866 1171 1893 non
1203 1857 1330 1907 provi-

213 1932 377 1970 dentiam
392 1933 507 1969 solam
523 1930 689 1968 continet
704 1957 716 1976 ‚
747 1939 854 1975 quam
867 1939 937 1965 nos
952 1927 1111 1965 dicimus
1127 1955 1140 1972 ,
1162 1934 1330 1964 accurate

215 2015 232 2039 a
255 2004 441 2039 creatione
463 2001 671 2038 distinctam
688 2029 699 2046 .,
741 1999 805 2037 sed
839 1998 1071 2044 aliquatenus
1092 1997 1200 2033 etiam
1227 2007 1329 2034 com·

217 2071 389 2119 plectitur
417 2070 636 2107 creationem
652 2097 665 2115 ‚
693 2080 764 2116 qua
792 2067 872 2115 ipsa
893 2068 966 2116 jam
988 2068 1090 2105 Deus
1112 2064 1327 2103 hominibus

215 2141 371 2188 benigne
408 2138 641 2187 prospexerit
666 2136 749 2188 (1).
780 2137 927 2175 Scilicet
950 2147 1021 2174 nos
1045 2135 1264 2173 creationem
1291 2143 1327 2172 et

1271 2217 1331 2244 ΓΟ·

256 2275 304 2313 (ι)
341 2272 392 2301 Cf.
415 2271 613 2311 colloquium
637 2281 707 2301 cum
745 2268 1034 2306 Aristodemo,
1071 2270 1170 2299 Mem.
1201 2267 1227 2298 Χ.
1242 2218 1279 2298 Ξ.
1292 2269 1327 2298 4.

1293 2323 1326 2362 §-
