1487 2625
247 170 302 209 32
489 166 564 209 AD
575 168 623 210 R.
657 167 822 211 CATH.
854 165 1114 212 HOLTIUS

249 302 469 360 pertinere,
513 300 625 356 Quid
658 301 857 357 quaeris?
899 303 1115 360 Optimum
1142 317 1348 360 quemque

248 392 297 420 ex
337 377 478 436 paucis
520 377 589 420 illo
624 378 761 421 studio
792 379 1041 432 nobilitatis,
1075 393 1224 437 magna
1255 393 1348 423 cum

248 452 542 504 sollicitudine,
587 453 669 495 sthi
708 453 907 497 continuo
933 455 1190 512 adlegebant.
1252 454 1349 511 Quo

246 531 358 574 sacto
383 529 623 573 incredibile
653 529 762 573 dictu
793 538 878 583 est,
912 539 1167 588 quantopere
1194 531 1350 575 acade-

247 607 349 650 mias
378 607 500 650 hasce
531 607 729 651 auxerint.

305 684 466 741 Quodsi
496 683 855 742 Jurisprudentiae
888 683 1091 727 institutio
1117 683 1159 726 in
1183 683 1350 728 Batavis

249 761 473 804 academiis
501 761 593 804 talis
627 761 724 813 fuit,
758 768 802 804 ut
844 761 1082 805 dilataretur
1124 761 1350 812 continuo,

248 846 288 882 et
325 838 545 896 Europaea
587 838 718 895 magis
759 852 882 894 quam
921 838 1076 881 Batava
1112 852 1201 881 esse
1232 836 1352 881 vide·

248 921 384 965 retur,
417 928 500 956 non
527 921 586 957 est
618 928 692 956 cur
721 914 773 957 de
797 913 964 971 reliquis
991 913 1217 972 disciplinis
1245 928 1351 971 quae

248 991 307 1034 ibi
345 991 644 1040 tradebantur,
677 990 934 1048 Theologia‚
966 989 1197 1044 Medicina,
1238 997 1352 1034 cete-

249 1068 330 1120 ris,
376 1083 479 1124 quae
527 1075 672 1126 suapte
721 1075 866 1111 natura
917 1068 1051 1111 minus
1099 1067 1351 1112 domesticae

251 1151 371 1199 sunt,
403 1158 521 1188 secus
552 1144 781 1202 opinemur.
859 1145 947 1187 Iino
985 1159 1069 1201 quo
1109 1144 1228 1188 latius
1269 1159 1352 1203 pa-

250 1229 354 1265 teret
394 1221 591 1278 cujusque
625 1221 724 1264 artis
755 1221 934 1274 utilitas,
967 1236 1133 1278 quoque
1169 1222 1222 1264 ad
1254 1222 1354 1280 plu-

251 1312 316 1340 res
352 1297 601 1356 pertineret,
633 1297 804 1340 dixerim
843 1311 978 1355 prope
1020 1312 1068 1341 eo
1108 1298 1246 1357 plures
1279 1313 1353 1342 ex-

251 1375 441 1417 cellentes
488 1373 549 1417 sui
604 1375 784 1417 cultores
834 1373 1070 1431 hujusmodi
1125 1382 1254 1419 artem
1309 1377 1352 1419 in

251 1451 474 1495 academiis
511 1452 664 1494 nostris
702 1451 916 1494 invenisse.
1007 1451 1211 1508 Antiquae
1244 1460 1355 1496 certe

251 1530 391 1572 literae
432 1543 538 1584 quae
581 1528 635 1570 ab
687 1528 939 1571 humanitate
981 1542 1129 1572 nomen
1178 1543 1357 1587 accepe-

252 1613 371 1656 runt,
401 1619 584 1661 quasque
614 1605 668 1646 dii
704 1605 957 1649 immortales
995 1605 1048 1648 ad
1084 1606 1355 1651 recreandum

252 1697 377 1739 genus
418 1681 641 1724 humanum
686 1695 952 1725 conservasse
999 1682 1210 1734 videntur,
1255 1698 1357 1727 nus-

253 1774 376 1816 quam
408 1765 609 1801 terrarum
637 1765 680 1800 ut
712 1758 753 1801 in
788 1758 924 1816 patria
969 1767 1111 1803 nostra
1155 1768 1357 1819 perpetuo

254 1837 365 1881 cultu
390 1835 618 1879 celebratae
646 1842 684 1877 et
707 1842 963 1893 propagatae
990 1843 1098 1895 sunt,
1132 1837 1258 1894 Quod
1281 1852 1358 1881 ex-

256 1912 400 1972 emplis
423 1927 506 1955 non
532 1911 676 1955 attinet
704 1911 970 1955 confirmare:
1003 1920 1098 1956 sunt
1123 1913 1165 1955 in
1196 1928 1359 1958 memo-

257 1992 316 2034 ria
341 1990 544 2041 omnium,
574 1996 612 2032 et
644 1996 763 2032 erunt
803 1988 900 2031 dum
936 1989 1058 2032 bonis
1093 1989 1219 2033 literis
1261 2006 1358 2035 suus

256 2070 392 2112 honos
436 2065 654 2110 constabit.
734 2065 848 2109 Talis
888 2066 1010 2123 igitur
1047 2066 1120 2109 suit
1156 2066 1356 2122 majorum

257 2139 505 2195 liberalitas,
532 2157 636 2199 quae
664 2142 788 2185 animi
820 2141 942 2185 bonis
974 2142 1282 2200 impertiendis,
1320 2152 1359 2188 et

260 2221 424 2279 ingenio
467 2219 734 2272 exornando,
787 2219 962 2263 maxime
1005 2221 1359 2278 cognoscebatur,
