1487 2625
396 213 994 253 THEOLOGICA.
1200 228 1246 264 37

131 323 278 370 entiae,
317 322 355 360 in
389 334 510 361 rerum
547 331 675 361 natura
701 323 954 372 conspicuae,
993 324 1212 362 documenta
1232 352 1244 370 ‚

130 404 151 431 a
192 393 383 431 Socrate
422 403 601 440 rogatus,
641 404 728 430 num
766 394 853 430 haec
891 393 1013 430 omnia
1042 405 1158 440 casu,
1200 405 1245 430 au

130 462 259 512 potius
284 462 444 501 consilio
470 462 659 501 exstitisse
680 472 854 510 censeat,
891 463 1062 510 agnoscit
1083 463 1246 511 prudens

128 533 294 572 auctoris
331 532 521 583 qu‘usdam
563 533 787 579 consilium,
842 541 877 570 et
913 532 1076 579 fatetur,
1124 533 1247 570 omnia

130 600 192 641 illa
224 601 355 641 effecta
379 603 493 641 videri
518 602 563 641 ab
588 611 740 640 auctore
758 602 916 651 sapienti
942 611 982 640 et
1006 604 1246 641 animantium

129 670 276 709 amanti.

178 740 235 778 Ita
277 751 391 788 quum
434 735 569 790 sponte
601 741 673 790 jam
719 741 782 779 ille
819 752 863 779 eo
901 742 1083 780 adductus
1121 751 1247 789 esset,

131 818 174 849 ut
199 811 279 859 ipse
300 812 584 859 pronuntiaret,
613 823 693 849 esse
724 811 853 850 mundi
883 821 1071 849 auctorem
1107 812 1248 850 ratione

130 881 362 930 praeditum3
391 882 484 919 hanc
507 880 784 929 persuasionem
811 882 884 931 alio
904 881 1011 919 etiam
1029 890 1247 930 argumento

132 951 360 989 Socrates
386 951 610 989 confirmat:
642 979 665 998 ‚.,
695 951 861 999 Tune,”
887 952 1010 999 inquit
1028 951 1097 1001 (1)
1129 979 1153 998 ‚‚
1179 951 1248 989 tibi

133 1046 158 1067 „
185 1021 321 1058 videris
358 1020 501 1058 ratione
541 1021 758 1068 praeditus,
808 1031 844 1059 et
888 1030 990 1059 extra
1039 1031 1076 1059 te
1116 1021 1250 1059 nullibi

132 1115 158 1138 „
185 1090 364 1128 rationem
400 1091 527 1128 adesse
548 1099 658 1138 putas
674 1090 693 1128 ‘3
747 1090 901 1128 Novisti
925 1091 1021 1128 enim
1047 1090 1218 1138 profecto
1236 1119 1249 1136 ,

133 1187 158 1208 ,‚
184 1169 348 1199 terrenae
372 1159 571 1206 materiae,
607 1172 701 1207 quae
733 1171 861 1208 magna
888 1162 986 1197 mole
1011 1161 1141 1206 adest,
1171 1172 1251 1207 par·
1291 1152 1297 1159 ’

134 1258 159 1278 ‚,
185 1230 318 1268 ticulas
347 1230 497 1278 corpori
525 1239 592 1267 tuo
621 1231 801 1268 admixtas
827 1242 935 1276 esse,
977 1219 1063 1267 item
1103 1242 1247 1278 aquae,

135 1300 294 1348 „cujus
330 1299 460 1347 ingens
498 1300 600 1337 adest
638 1300 725 1345 vis,
778 1301 977 1348 particulas
1014 1301 1050 1338 in
1091 1311 1251 1349 corpore

136 1397 160 1417 „
186 1378 255 1407 tuo
276 1370 430 1417 adesse;
460 1369 603 1416 verbo,
632 1381 771 1418 corpus
796 1381 816 1406 e
838 1370 1070 1418 singulorum
1095 1372 1252 1408 elemen-

136 1468 160 1488 ,‚
187 1449 341 1486 torum,
381 1450 476 1487 quae
523 1448 623 1478 extra
663 1450 733 1476 nos
768 1449 870 1477 vasta
904 1442 1098 1488 amplaque
1140 1440 1252 1488 copia

135 1537 161 1557 „
187 1509 350 1555 adsunt,
379 1507 570 1556 particulis
594 1520 676 1546 esse
700 1509 914 1546 conflatum.
961 1509 1252 1547 Existimabisne

138 1605 162 1626 „
189 1577 332 1626 igitur,
369 1578 547 1616 rationem
566 1606 578 1625 ,
617 1589 724 1615 secus
752 1590 791 1616 ac
816 1579 954 1625 reliqua
983 1578 1131 1624 omnia,
1169 1580 1253 1616 nul·

138 1675 163 1697 ‚,
187 1648 255 1685 libi
292 1656 392 1686 extra
427 1657 464 1686 te
495 1649 651 1696 adesse,
695 1648 759 1685 sed
785 1647 883 1685 felici
912 1649 1071 1695 quodam
1098 1660 1189 1686 casu
1218 1657 1253 1685 te

138 1743 164 1767 „
190 1730 267 1757 eam
292 1717 524 1766 arripuisse,
562 1719 695 1756 horum
720 1728 841 1755 autem
865 1719 1031 1756 omnium
1048 1747 1061 1764 ,
1084 1730 1192 1765 ¹quae
1217 1718 1252 1754 in

139 1817 163 1837 ‚.,
189 1800 308 1827 rerum
330 1798 457 1826 natura
481 1791 640 1836 adsunt,
669 1789 833 1826 ordinem
858 1798 892 1826 et
912 1798 1080 1826 ornatum
1106 1801 1125 1826 a
1145 1801 1254 1827 causa

139 1887 163 1907 ,‚
193 1859 347 1907 quadam
398 1858 555 1897 rationis
606 1859 747 1907 experti
785 1858 950 1906 profecta
988 1859 1143 1897 esse?'’
1200 1880 1255 1888 —

136 1929 260 1978 CuJ'us
297 1927 479 1977 ratiocinii
523 1929 610 1966 haec
638 1940 718 1966 esse
743 1928 798 1966 vis
822 1929 980 1966 videtur.
1036 1929 1118 1973 Ea,
1160 1939 1254 1974 quae

137 1999 175 2037 in
203 1998 353 2036 homine
389 1999 554 2045 adsunt,
593 2009 669 2035 non
715 1998 752 2034 in
791 1998 942 2034 homine
979 1998 1062 2034 solo
1093 1997 1252 2043 adsunt,

137 2069 202 2108 sed
228 2079 328 2107 extra
354 2068 475 2117 ipsum
500 2068 621 2106 eadem
648 2067 736 2104 haec
761 2067 944 2105 habentur
966 2067 1104 2115 ingenti
1129 2067 1253 2112 mole,

1161 2147 1261 2184 quo-

184 2291 232 2333 (1)
258 2290 526 2322 Memorabilium
551 2290 577 2321 l.
601 2300 627 2319 c.
652 2289 682 2321 4.
705 2289 731 2324 S·
756 2290 786 2318 8.
