1487 2625
531 197 880 237 MEDICA.
1219 214 1266 253 ις

153 301 273 340 fnisse
313 311 551 352 correptum,
597 307 695 355 apud
732 308 968 346 Edwards
1006 310 1141 360 legitur
1165 312 1261 361 (1);

152 381 265 420 atque
309 372 428 411 valida
469 384 646 413 memorat
689 385 937 425 symptomata
976 379 1079 419 doct.
1118 381 1264 422 Bernt

151 440 247 479 intra
282 442 492 489 quindecim
540 445 680 484 minuta
722 447 768 484 ab
812 447 1018 497 ingestione
1062 452 1264 492 solutionis

147 511 358 551 Arseniatis
388 513 561 552 Potassae
599 515 766 554 insecuta
790 518 873 565 (2).
914 520 1099 570 Egregius
1125 523 1264 574 WVep-

146 581 286 620 ferus
317 584 479 631 protulit
514 585 692 633 Cysati
718 589 908 637 cujusdam
937 591 1131 630 historiam
1149 621 1163 642 o
1190 606 1264 642 qua

147 651 401 701 h-ujus„.fi1ius
443 663 571 702 quarta
609 657 719 694 modo
760 657 873 696 horae
909 669 1012 708 parte
1051 663 1173 711 elapsa
1214 664 1262 704 ab

144 722 330 760 Arsenico
371 721 490 762 forma
524 725 691 772 pulveris
719 726 893 776 ingesto,
925 731 1097 779 vomitu,
1121 735 1263 782 pallore

144 792 301 840 aliisque
337 793 454 842 signis
487 793 644 833 affectus
675 796 793 835 fuisse
825 798 1012 838 invenitur
1045 803 1142 852 (3);
1175 816 1261 843 cum

141 860 462 910 Christison‚
490 865 670 913 vigesimo
690 867 735 905 ab
759 868 967 915 ingestione
985 871 1130 911 minuto
1150 885 1263 913 vene-

74 956 78 960 -
137 930 220 970 ficii
240 942 490 982 symptomata
512 935 697 974 invasisse
717 937 971 978 observaverit
986 942 1070 990 (4).
1107 944 1258 992 Quibus

140 1002 225 1040 addi
247 1012 372 1050 potest
393 1004 621 1043 celeberrimi
643 1006 723 1045 Mo
738 1019 753 1044 r
762 1010 903 1057 gagni
928 1012 1162 1061 observatio,
1186 1015 1258 1053 viri

139 1071 358 1121 cujusdam,
401 1073 468 1121 qui
506 1073 570 1111 vix
607 1076 789 1114 semihora
830 1088 918 1125 post
962 1083 1178 1131 coenulam,
1211 1097 1257 1123 ex

139 1152 234 1190 pane
259 1142 413 1180 conciso
438 1142 477 1181 in
500 1145 584 1193 jtire
610 1154 719 1183 cocto
747 1156 784 1184 et
815 1150 972 1196 pulvere
996 1152 1169 1191 Arsenici
1193 1155 1256 1192 ad-

139 1221 299 1259 sperso,
328 1213 533 1260 improviso
556 1216 701 1254 vomitu
725 1228 918 1267 correptus
945 1229 1002 1258 est
1024 1223 1107 1272 (5).

192 1280 294 1318 Haec
323 1282 490 1321 sufficere
513 1283 683 1322 videntur
706 1296 748 1324 ut
769 1298 915 1336 pateat,
942 1290 1140 1338 aliquando
1158 1294 1255 1333 intra

139 1351 319 1399 temporis
356 1353 516 1400 spatium
553 1355 738 1394 semihora
767 1361 887 1396 multo
925 1359 1106 1408 brevius,
1135 1363 1254 1411 prima

137 1422 334 1470 provocari
359 1432 620 1472 symptomata.
660 1427 807 1464 Dantur
836 1420 1115 1469 observationes
1141 1445 1252 1481 quam

139 1491 343 1541 plurimae,
372 1493 510 1540 quibus
542 1494 635 1534 illud
668 1498 846 1546 temporis
879 1499 1112 1540 intervallum
1143 1514 1252 1542 accu—

138 1569 217 1600 rate
230 1563 328 1601 haud
340 1563 721 1614 definitur‚quaeque
748 1576 915 1616 tantum,
943 1571 1096 1619 subito,
1124 1573 1250 1622 brevi,

137 1632 198 1670 vel
231 1633 354 1671 statim
389 1644 477 1682 post
512 1637 645 1674 veneni
675 1639 967 1692 assumtionem,
1002 1651 1251 1691 symptomata

136 1701 258 1741 fuisse
281 1713 413 1743 exorta
438 1705 629 1755 indicant,
657 1720 810 1755 quarum
834 1711 1054 1758 mentionem
1080 1725 1137 1751 me
1166 1715 1250 1764 inji-

106 1798 111 1803 -
136 1782 218 1811 cere
246 1773 370 1821 itaque
395 1785 470 1812 non
495 1776 669 1824 potuisse
695 1779 856 1826 quisque
881 1780 1078 1830 intelliget.

1184 1855 1249 1893 Se-

179 1912 227 1951 (ι)
259 1913 364 1943 Laud.
388 1915 506 1945 Medic.
527 1917 595 1946 and
616 1919 718 1957 Phys·
744 1920 865 1949 Journ.
891 1919 1025 1951 XLIX.
1048 1932 1118 1963 ²¹7·
1150 1923 1247 1955 Conf.

136 1964 192 1994 Ch
205 1965 384 1997 ristison
410 1967 433 1998 l.
454 1979 482 1998 c.

175 2019 224 2058 (2)
247 2021 410 2061 Beitnige
432 2032 492 2052 zur
511 2022 666 2063 gerichtl.
689 2024 844 2055 Arzneik.
859 2023 923 2056 IV.
937 2035 1008 2055 221.
1029 2026 1082 2056 Cf.
1099 2026 1247 2059 Chris-

134 2071 247 2102 tison
266 2073 349 2103 ibid.

173 2127 221 2166 (3)
257 2128 416 2157 Historia
452 2129 594 2167 Cicutae*
618 2131 818 2170 aquaticae,
853 2130 933 2170 Cap.
960 2130 1059 2162 XXI.
1094 2130 1170 2164 hist.
1193 2133 1242 2164 11.

129 2189 163 2217 p.
185 2180 254 2210 353.
295 2180 337 2211 L.
362 2181 397 2211 B.
421 2182 512 2222 1753.

172 2233 220 2272 (4)
244 2233 268 2264 l.
289 2234 313 2264 l.
333 2245 366 2273 p.
389 2235 458 2265 501.

173 2286 221 2327 (5)
243 2288 294 2318 De
313 2289 443 2319 sedibus
462 2295 496 2318 et
518 2291 628 2321 causis
649 2290 832 2323 morborum
857 2297 920 2323 etc.
944 2291 1050 2331 Epist.
1061 2293 1112 2333 59.
1133 2298 1195 2326 art,
1209 2294 1239 2325 6.
