1487 2625
246 228 294 265 30
465 211 1126 253 COMMENTATIO

244 324 334 362 velis
362 331 398 361 et
425 322 619 360 utilitatem
646 323 858 370 percipere,
886 322 967 369 ipse
994 322 1136 370 primus
1163 322 1291 362 utilem
1318 332 1357 363 te

242 401 424 442 praestare
450 390 561 428 debes
583 389 667 439 (1).

292 460 456 499 Omnino
498 459 610 508 igitur
640 461 685 498 ad
716 462 989 510 καλοκᾳγοιθίαιν
1023 460 1247 500 tendendum
1273 471 1356 512 est,

244 540 286 569 ut
315 530 367 568 sis
381 530 509 579 felix.-
535 540 618 567 nam
645 529 689 567 ab
716 530 782 567 hac
807 530 1067 578 percipiuntur
1090 532 1241 578 μέγις-αι
1264 535 1357 583 ὠφέ-

244 612 338 642 λειαι
364 602 424 640 καὶ
453 581 567 646 ἧδοναὶ
584 627 597 647 ,
624 601 811 638 maximae
836 609 872 638 ct
894 601 1077 639 utilitates
1089 609 1125 638 et
1137 600 1356 652 voluptates.

241 669 343 707 Haec
366 669 464 706 enim
491 670 571 707 sola
596 679 677 717 est,
719 681 792 717 qua
818 670 902 717 quis
930 678 1057 718 potest
1082 671 1253 719 corporis
1281 671 1360 711 ani-

240 738 369 786 mique
392 739 535 777 ratione
559 739 654 777 bene
678 751 719 778 se
746 739 906 787 habere,
933 751 990 778 res
1012 740 1234 779 domesticas
1260 740 1356 780 bene

236 808 512 856 administrare,
542 809 665 847 bonos
689 807 872 857 consequi
891 809 1055 856 amicos,
1077 809 1248 849 inimicos
1262 822 1355 850 suos

235 888 435 926 superare,
458 877 530 916 sibi
548 878 652 926 ipse,
682 879 809 917 amicis
823 880 1042 928 civitatique
1062 881 1264 930 prodesse3
1292 881 1355 921 hic

233 947 329 985 vivit
340 948 476 996 seipso
493 958 693 986 contentus
709 978 722 996 ,
749 950 904 988 aliorum
929 951 1003 989 sibi
1015 952 1162 999 laudes,
1184 953 1353 991 Deorum

231 1015 398 1055 favorem
433 1018 634 1066 conciliat,
663 1028 700 1056 et
732 1030 823 1066 post
860 1029 1016 1058 mortem
1045 1021 1257 1060 memoriam
1292 1022 1357 1061 sui·

231 1087 330 1134 apud
355 1098 483 1125 omnes
510 1087 689 1134 relinquit
705 1089 790 1139 (2).

281 1157 344 1195 Ad
366 1157 458 1194 hanc
485 1166 606 1195 autem
633 1162 908 1208 κκλσκᾳγοιθίαν
945 1159 1056 1196 unice
1081 1160 1183 1197 ducit
1209 1163 1352 1212 sapien·

228 1231 311 1276 tia,
363 1231 475 1279 σοφίσι
512 1232 590 1269 sive
617 1233 850 1280 σωφροσύνη,
900 1245 993 1282 quae
1018 1243 1075 1272 est
1099 1236 1257 1284 cognitio
1281 1236 1350 1272 τῶν

229 1304 499 1351 καλοκᾳγοιθῶν.
552 1302 655 1339 Haec
680 1304 834 1340 omnino
863 1312 919 1341 est
945 1306 1185 1343 necessaria:
1234 1317 1344 1355 nam,

226 1373 259 1410 si
294 1372 379 1420 quis
408 1384 487 1411 non
515 1374 663 1411 noverit
689 1375 740 1413 τοὶ
767 1377 1031 1423 anamma),
1064 1388 1106 1415 ea
1127 1377 1247 1417 facere
1269 1391 1357 1418 non·

225 1442 390 1489 poterit,
442 1452 477 1480 et
507 1445 538 1481 si
581 1453 703 1482 tamen
740 1447 1001 1494 aggrediatur,
1042 1447 1087 1484 ab
1125 1448 1169 1486 iis
1204 1449 1348 1489 aberra-

226 1510 283 1548 bit
308 1511 390 1560 (3).
419 1535 472 1543 —
498 1515 636 1552 Eadem
671 1523 793 1553 tamen
830 1518 963 1567 sufficit
997 1514 1174 1565 omnim,
1201 1528 1237 1556 et
1268 1520 1347 1558 effi-

226 1578 298 1617 ciet
313 1591 472 1629 sponte,
502 1593 542 1620 ut
569 1585 653 1631 quis
680 1584 752 1632 ipsi
773 1587 1041 1625 convenienter
1064 1596 1165 1634 agat:
1197 1587 1344 1638 „nam‚

225 1650 371 1697 inquit,
413 1679 438 1699 „
464 1664 592 1690 omnes
627 1654 800 1693 existimo
825 1667 865 1693 ea
892 1668 1023 1704 agere,
1052 1669 1146 1705 quae
1167 1658 1241 1696 sibi
1267 1671 1343 1698 ma-

228 1746 252 1766 „
277 1720 374 1758 xime
407 1723 586 1768 prodesse
623 1720 776 1761 censent
804 1725 891 1774 (4).
910 1724 935 1741 ’²
1017 1726 1198 1766 Videmus
1227 1740 1341 1777 sane,

1261 1799 1342 1837 So-

264 1877 313 1917 (1)
350 1877 405 1907 cf.
424 1877 500 1908 Lib.
517 1878 579 1908 IV.
594 1889 623 1910 c.
639 1889 668 1909 ι.
691 1880 720 1909 1.
735 1890 763 1910 c.
779 1891 810 1910 2.
823 1885 851 1919 ς.
864 1880 917 1912 55.
940 1882 986 1912 ΙΙ.
1000 1893 1029 1912 c.
1046 1893 1076 1913 ι.
1091 1888 1116 1922 §-
1131 1893 1182 1921 20,
1201 1886 1252 1916 28.

266 1936 314 1975 (2)
350 1936 412 1967 IV.
434 1948 463 1970 c.
478 1937 509 1968 5.
531 1939 560 1980 §.
575 1949 615 1968 ιο
631 1952 638 1977 ;
661 1938 730 1969 111.
745 1950 773 1969 c.
789 1939 819 1969 6.
843 1944 872 1978 ς.
886 1953 925 1978 23
950 1941 1012 1972 IV.
1027 1952 1054 1972 c.
1070 1942 1143 1981 1.§.
1157 1945 1249 1981 231.
1263 1955 1290 1976 c.
1305 1958 1336 1978 2.

223 1989 317 2028 §.48,
339 1991 400 2028 64;
423 1991 471 2022 11.
484 2003 512 2022 c.
528 1999 558 2024 1.
593 2013 601 2022 .
617 2003 654 2033 19
667 2013 677 2029 ,
693 1993 752 2031 533
777 1992 840 2023 IV.
854 2004 883 2024 c.
897 2005 928 2024 2.
945 1999 971 2033 §-
987 2005 1037 2026 ιι.
1057 2007 1087 2026 c.
1100 1997 1131 2026 5.
1147 2002 1172 2034 ξ.
1187 2007 1237 2038 17.

264 2052 311 2093 (5)
346 2053 430 2084 Hinc
455 2059 546 2093 patet
570 2055 774 2092 luculenter,
800 2059 1030 2100 καλοχᾳγαθῑι
1051 2068 1114 2087 nou
1135 2069 1202 2088 ense
1215 2060 1337 2090 hones-

220 2110 281 2134 ta:
313 2116 385 2136 nam
417 2106 496 2137 haec
531 2108 588 2147 qui
609 2109 718 2138 facere
744 2110 836 2147 vult,
873 2112 978 2141 facere
994 2133 1002 2148 ,
1036 2122 1094 2150 per
1120 2116 1251 2141 naturae
1271 2112 1336 2143 hu..

221 2168 328 2188 manae
350 2159 506 2190 rationem
523 2182 532 2197 ,
563 2163 696 2200 poterit.
745 2165 952 2204 Sapientiam
972 2165 1050 2194 item
1070 2165 1132 2193 alio
1153 2165 1225 2195 loco
1242 2167 1338 2205 posi-

222 2218 284 2243 tam
310 2226 376 2245 esse
401 2217 479 2247 dicit
514 2216 548 2251 ἐν
575 2222 622 2260 τῷ
648 2220 828 2261 προσέχειν
845 2222 918 2260 τοῖς
935 2221 1121 2263 ὠφελοῦσι,
1146 2225 1242 2254 Mem.
1270 2223 1332 2254 IV·

222 2282 250 2300 c.
270 2269 300 2301 5.
326 2274 350 2300 ἐ.
372 2269 403 2298 6.

263 2329 310 2368 (4)
347 2328 414 2358 111.
439 2339 465 2358 c.
488 2340 517 2368 9.
540 2330 566 2364 §·
589 2331 620 2360 4.
