1487 2625
480 184 887 239 ORATIO„
1180 185 1234 229 [Η

134 320 244 379 giam
272 318 492 379 peritiam,
534 334 627 363 cum
659 321 812 365 nostris
849 318 1113 369 hominibus,
1155 326 1247 364 tum¹

134 396 312 451 exteris,
350 397 661 455 comprobaret.
724 398 870 455 ltaque
905 398 1131 455 gaudemus
1171 403 1241 450 te,

135 473 362 518 clarissime
412 474 754 524 B'irnbaum!
821 475 977 532 collega
1024 481 1063 518 et
1097 472 1242 527 socio,

133 559 218 595 tam
242 552 432 610 pulcram
465 566 582 610 spem
610 552 784 595 faciente
802 551 1037 595 academiae
1052 558 1270 612 nostrae„

133 627 292 685 tibique
311 628 450 671 omnia
472 629 579 672 laeta
603 627 671 671 hic
696 635 734 671 et
756 642 960 687 prospera
975 661 986 680 ,
1019 643 1111 672 cum
1135 642 1244 672 uxo-

132 719 179 748 re
205 711 275 748 tua
300 704 524 761 liberisque
547 704 652 757 tuis,
686 712 893 763 optamus.
938 706 1030 763 Ego
1056 720 1155 749 vero
1178 713 1245 748 te·-

133 794 225 825 cum
272 781 410 825 multis
448 781 530 838 jam
577 781 697 825 annis
746 782 950 826 amicitiae
1000 783 1164 826 vinculo
1206 791 1245 826 et

133 857 365 902 studiorum
391 858 636 915 conjunctus
653 891 664 910 ‚
696 867 793 917 post
827 860 1059 917 Belgicam,
1078 876 1159 917 qua
1178 861 1247 903 di-

133 933 238 978 vulsi
258 950 412 988 sumus,
429 935 728 989 calamitatem,
761 937 863 979 nihil
877 938 978 980 mihi
994 946 1076 981 tam
1095 939 1244 981 laetum

134 1012 356 1070 contigisse
370 1013 592 1071 profiteor,
625 1029 750 1070 quam
774 1021 888 1063 tuum
907 1029 1019 1059 anno
1037 1016 1245 1075 superiori

102 1088 342 1133 ¹redditum
384 1089 487 1133 mihi
527 1090 759 1148 collegium.

190 1166 387 1211 Officium
425 1166 509 1211 hoc
546 1181 612 1210 me
656 1166 877 1219 admonet,
923 1169 1037 1224 quod
1069 1169 1248 1214 libenter

133 1242 271 1295 facio,
304 1242 390 1286 'tibi
437 1249 482 1286 ut
520 1244 725 1301 gratuler,
783 1244 1030 1289 venerabilis
1079 1247 1276 1307 Collega„

133 1319 302 1378 Kops!
362 1319 569 1378 stipendia
617 1321 855 1365 academica
899 1337 1011 1366 nunc
1057 1325 1244 1369 emerito.

131 1397 235 1441 Post
265 1397 530 1455 gravissimos
558 1398 744 1451 labores,
778 1413 883 1455 quos
918 1400 1046 1458 longo
1078 1408 1246 1460 tempo-

131 1473 190 1518 ris
218 1474 396 1518 decursu
425 1474 468 1517 in
505 1475 746 1533 republica,
779 1477 976 1530 ecclesia,
1008 1479 1245 1534 academia,

132 1553 318 1596 urbanos
350 1559 390 1596 et
420 1551 624 1605 rusticos,
657 1553 900 1606 exantlasti,
934 1554 1112 1611 quietem
1142 1571 1248 1601 nac-
1297 1545 1299 1547 ¹

134 1637 200 1674 tus
231 1645 295 1683 es,
332 1637 372 1674 et
394 1644 487 1674 cum
512 1630 711 1688 dignitate
731 1631 901 1674 liberale
921 1632 1066 1676 otium.
1128 1633 1247 1678 Gau-

135 1707 280 1752 demus
315 1715 383 1751 tua
420 1707 640 1768 felicitate,
686 1708 891 1765 nobisque
931 1724 1075 1768 parem
1117 1719 1247 1770 opta-

134 1790 239 1829 mus.
293 1785 580 1832 Valetudinem
610 1792 747 1829 autem
773 1800 858 1830 non
886 1787 1002 1830 senio
1028 1786 1244 1844 affectam,

133 1876 215 1918 qua
242 1867 307 1904 tot
341 1844 531 1905 difficilia'
551 1869 637 1905 tam
669 1862 788 1906 facile
816 1862 1062 1916 sustinuisti,
1095 1867 1248 1909 iacun-

134 1938 267 1990 diam,
299 1952 381 1994 qua
408 1944 448 1981 te
472 1938 595 1981 bonis
622 1938 821 1982 lateribus
850 1941 1027 1997 graviter
1042 1948 1081 1985 et
1099 1950 1244 1988 ornate

133 2022 174 2059 et
194 2014 373 2068 ⁴civiliter
403 2014 628 2068 dicentem,
664 2022 750 2058 tam
789 2023 906 2074 grate
926 2032 1061 2076 nuper
1082 2019 1246 2063 audivi-

134 2106 249 2144 mus,
279 2091 321 2135 in
347 2091 493 2150 primis
517 2107 615 2136 vero
637 2092 763 2136 animi
788 2093 1036 2138 hilaritatem
1069 2104 1246 2155 propter

134 2184 261 2228 quam
282 2176 322 2214 te
348 2184 560 2222 amamus,
604 2169 820 2213 diuturnas
850 2170 925 2214 tibi
951 2171 1077 2215 faciat
1106 2172 1244 2217 Deus!

192 2246 277 2290 Nec
325 2249 459 2291 minus
505 2253 625 2304 grato
676 2246 816 2292 officio
867 2254 908 2292 te
959 2249 1118 2303 salum,
1178 2250 1240 2295 (31.
