1487 2625
229 205 276 253 ⁵6
459 201 1110 241 COMMENTATIO

234 311 400 350 idoneam
428 310 549 358 adepti
567 337 580 356 ,
607 310 803 360 dijudicare
824 319 859 347 et
881 311 1088 358 perspicere
1108 321 1335 358 possumus,

235 382 305 420 hos
331 379 487 418 insanire
511 379 655 417 dicebat
688 380 929 425 Socrates,
970 388 1006 416 et
1031 379 1168 418 nefaria
1193 379 1335 425 face1·e;

232 451 297 489 sed
321 458 357 487 et
382 448 540 487 insanire
565 449 678 496 illos,
713 449 776 496 qui
809 450 931 486 omnia
959 461 1004 486 ex
1028 450 1216 486 hominum
1240 449 1336 486 arbi-

230 520 304 558 trio
328 520 466 568 agenda
487 530 595 567 esse,
631 518 798 567 nihilque
831 520 912 558 Deo
945 519 1248 557 committendum
1274 531 1334 557 ex-

229 589 433 627 istimarent
459 589 544 638 (1).

277 657 318 696 Si
354 658 437 706 quis
473 657 588 706 igitur
621 659 763 708 majus,
804 669 913 706 quam
940 658 1132 697 humanam
1158 657 1331 707 sapienti·

227 739 312 775 am,
345 727 523 766 auxilium
562 736 774 777 expeteret,
816 728 849 766 ei
872 727 1075 776 suadebat,
1114 727 1333 766 divinationi

225 808 375 845 operam
396 799 507 836 dare:
535 809 617 836 nam
634 809 716 836 eum
731 826 744 845 ,
772 799 837 846 qui
862 799 1008 836 noverit
1022 818 1035 845 ς
1064 798 1204 846 quibus
1221 798 1332 835 rebus

224 867 289 906 Dii
311 867 526 906 horninibus
554 880 622 916 ea,
659 879 753 915 quae
787 870 925 917 agenda
958 868 1057 915 sint,
1095 867 1331 916 significent,

223 948 413 986 nunquam
459 938 599 977 auxilio
653 939 819 977 Deorum
859 938 1076 976 destitutum
1114 936 1196 975 fore
1234 936 1332 975 dice-

225 1007 288 1046 bat
327 1007 410 1056 (α).
478 1008 577 1046 Hinc
629 1008 850 1046 Socrates
903 1007 1011 1056 ipse,
1051 1016 1183 1055 utpote
1213 1007 1333 1057 majus

225 1085 372 1125 praeter
418 1077 612 1116 humanam
650 1077 867 1125 sapientiam
907 1077 1084 1115 auxilium
1123 1085 1333 1125 expetens,

224 1145 445 1185 divinationi
468 1158 615 1195 operam
646 1146 781 1185 dabat:
824 1146 919 1184 nihil
947 1157 1107 1194 unquam
1131 1146 1210 1183 sine
1234 1147 1333 1184 Deo-

225 1226 307 1265 rum
334 1215 492 1253 consilio
516 1216 590 1264 egit
614 1218 706 1265 (3),
745 1226 780 1253 et
817 1217 980 1254 Deorum
1010 1215 1159 1253 monitis
1186 1226 1332 1262 semper

223 1284 514 1333 obtemperabat.
569 1286 694 1330 Nam,
736 1286 905 1334 neglecto
941 1285 1108 1322 Deorum
1141 1284 1330 1333 consilio,

221 1355 435 1397 hominibus
495 1354 774 1402 obtemperare,
834 1354 954 1392 insani
1002 1365 1083 1392 esse
1128 1355 1328 1401 censebat,

226 1424 333 1471 quasi
372 1424 456 1473 quis
490 1435 672 1471 coecum,
711 1433 774 1461 aut
808 1424 888 1462 viae
918 1424 1083 1472 ignarum
1117 1425 1249 1463 ducem
1272 1436 1331 1464 se·

222 1503 399 1542 queretur
438 1494 594 1544 potius,
639 1505 748 1541 quam
784 1505 895 1540 eum,
938 1494 1003 1542 qui
1036 1495 1231 1533 oculorum
1252 1496 1328 1534 acie

222 1564 380 1615 gaudet,
409 1572 445 1601 et
471 1566 566 1601 viam
592 1563 698 1600 novit
724 1562 808 1611 (4).

270 1632 385 1681 Quod
408 1641 529 1671 autem
556 1633 601 1669 ad
622 1633 798 1669 rationem
824 1632 987 1680 adtinet,
1029 1644 1100 1681 qua
1134 1634 1236 1672 Deos
1263 1645 1329 1672 vo-

225 1702 403 1740 luntatem
438 1713 539 1739 suam
570 1701 784 1739 hominibus
806 1701 1037 1740 manifestare
1070 1703 1325 1744 existimabat:

222 1772 295 1811 hoc
328 1769 470 1809 faciunt
504 1771 693 1818 oraculis,
752 1772 932 1820 imprimis
971 1773 1169 1824 Delphico,
1218 1773 1325 1812 cuius

220 1841 410 1888 responsis
445 1852 555 1888 saepe
596 1841 712 1879 utitur
753 1843 1001 1890 Socrates,
1040 1845 1244 1892 quodque,
1284 1855 1326 1883 ut

221 1910 367 1950 aliunde
408 1911 618 1959 novimus,
657 1911 738 1960 ipse
771 1912 1012 1961 interrogavit
1042 1925 1121 1951 non.
1151 1925 1261 1961 raro,
1289 1924 1325 1952 et

820 1990 822 1993 ’
1272 1984 1326 2021 in-

262 2048 308 2088 (1)
351 2049 423 2078 Hoc
454 2048 659 2079 divinationis
683 2047 869 2081 Socraticae
902 2050 1140 2083 fundamentum
1176 2053 1323 2092 exposuit

219 2101 449 2141 Xenophon
469 2102 503 2131 in
522 2103 796 2134 memorabilibus
816 2104 844 2134 1.
866 2114 894 2134 c.
911 2114 938 2135 1.
961 2109 988 2144 §-
1009 2106 1104 2141 (iqo.

260 2156 308 2195 (2)
344 2155 396 2185 Cf.
417 2158 555 2186 Memor.
577 2154 639 2186 IV.
663 2167 692 2186 c.
713 2167 743 2196 7.
765 2157 794 2192 S.
815 2165 866 2188 ιο.

259 2208 307 2247 (5)
344 2207 396 2239 Cf.
417 2209 555 2239 Memor.
579 2208 641 2238 lv.
662 2219 691 2239 c.
712 2210 742 2240 8.
764 2211 792 2245 §.
816 2220 865 2240 u·

261 2260 309 2299 (4)
344 2260 395 2290 Cf.
415 2261 550 2293 BIemor.
575 2261 603 2293 1.
625 2273 653 2292 c·
676 2262 705 2292 3.
729 2259 758 2299 §.
783 2263 812 2297 4.
