1487 2625
281 169 327 196 10
497 159 1160 201 COMMENTATIO

273 265 482 315 proprietas
516 275 585 304 est.
649 268 798 317 Quodsi
835 268 989 308 dubium
1023 269 1099 317 sit,
1137 281 1225 310 num
1264 272 1375 309 vesti-

272 336 330 386 gia
357 337 479 374 adsint
502 336 674 386 principii
703 337 936 386 oxydabilis‚
959 338 1135 376 indicium
1159 340 1209 378 sit
1221 341 1374 388 sulphas

272 406 454 455 peroxydi
489 405 604 454 ferri,
643 408 745 454 quod
786 407 959 456 principii
997 408 1096 445 illius
1132 410 1373 456 praesentiam

271 475 432 523 indicat,
473 476 505 514 si
545 475 784 526 nigrescens,
818 497 872 507 —-
906 479 1060 528 ejusque
1083 476 1312 528 absentiam,
1341 478 1376 518 si

267 544 607 584 rubro-brunneum
636 546 915 595 praecipitatum
943 547 1136 595 producat.

314 616 413 654 Cum
458 627 547 654 vero
587 616 856 663 Creosoto,
895 617 968 655 hoc
1004 617 1115 656 modo
1157 616 1342 665 acquisito
1359 643 1375 665 ‚

262 685 482 734 plerumque
515 685 635 729 inesse
667 687 783 724 soleat
805 697 915 734 parva
941 685 1034 724 acidi
1059 686 1275 735 quantitas,
1312 695 1376 724 ne·

264 766 368 793 cesse
391 755 591 803 requiritur
607 785 620 802 ‚
646 755 804 803 docente
828 754 1216 794 Reichenbachio
1231 783 1244 802 ‚
1271 763 1321 793 ut>
1336 755 1373 793 in

264 825 520 864 Creosoto
561 836 672 874 parva
710 824 828 863 lixivii
851 834 1022 873 potassae
1048 825 1231 863 causticae
1259 836 1375 874 quan-

263 894 350 933 titas
371 897 566 944 solvatur3
607 906 684 943 quo
707 894 834 941 facto,
870 895 1069 933 destillatio
1095 895 1311 934 instituatur
1332 895 1372 933 in

263 967 379 1003 vitrea
404 974 540 1004 retorta
567 965 727 1014 (lampas
751 964 952 1003 alcoholica
977 964 1038 1003 hic
1066 963 1249 1012 imprimis
1270 965 1372 1004 adhi-

263 1033 432 1082 beatur).
484 1035 545 1073 Ne
580 1043 700 1073 tamen
724 1036 810 1072 haec
837 1034 1037 1073 destillatio
1061 1034 1171 1073 nimis
1193 1035 1258 1085 diu
1283 1046 1372 1084 pro·

262 1104 453 1152 trahatur,
506 1115 622 1151 quum
658 1104 993 1152 Creosotum‚
1046 1115 1123 1142 non
1158 1104 1231 1143 nisi
1272 1108 1370 1153 aqua

261 1175 417 1211 mixtum
457 1173 494 1210 in
531 1172 729 1220 recipiente
761 1173 1006 1221 colli-gendum
1043 1172 1107 1211 sit.
1172 1172 1235 1211 Ad
1274 1173 1367 1210 hane

260 1254 391 1291 aquam
428 1242 657 1290 separandam
695 1242 845 1279 iteretur
871 1241 1097 1287 destillatio,
1136 1248 1269 1278 ettam
1304 1241 1367 1279 diu

261 1320 424 1350 mutetur
473 1311 652 1360 recipiens
672 1340 686 1359 ‚
732 1313 849 1349 donec
896 1322 971 1349 non
1017 1311 1174 1358 amplius
1210 1321 1367 1360 vapores

259 1382 394 1430 aquosi
428 1382 465 1419 in
499 1383 578 1431 eJus
626 1382 725 1419 collo
771 1381 949 1420 oriantur.
1026 1380 1234 1429 Colligatur
1268 1390 1368 1418 nunc

261 1452 562 1490 Creosotum
615 1451 794 1494 transiens
818 1478 832 1498 ‚
886 1451 988 1498 quod
1001 1433 1025 1496 ,q
1063 1449 1367 1499 praecedentibus

259 1522 352 1559 bene
378 1521 609 1565 observatis,
638 1533 771 1570 purum
799 1529 871 1559 est.

308 1591 406 1628 Cum
449 1590 684 1629 Creosoti
719 1590 832 1638 puri,
872 1591 937 1628 hac
975 1589 1151 1628 methodo
1190 1589 1361 1637 collecti,

260 1660 449 1708 quantitas
475 1671 605 1708 parva,
637 1669 672 1697 et
699 1660 779 1707 ipsa
801 1659 1036 1708 praeparandi
1062 1659 1259 1698 methodus
1283 1670 1365 1708 per-

259 1729 418 1769 difficilis
444 1731 493 1768 sit
518 1730 711 1777 nimiiquer
729 1729 869 1778 pretii,
903 1729 1007 1767 multi
1033 1729 1234 1767 faciliorem
1260 1741 1365 1779 prae-

259 1799 410 1850 parandi
451 1799 674 1838 Creosoti
714 1800 927 1838 methodum
965 1799 1174 1848 excogitare
1209 1800 1362 1838 studue-

261 1877 375 1915 runt,
410 1877 564 1917 propter
601 1869 829 1916 frequentem
858 1870 939 1918 ejiis
965 1880 1071 1907 usum
1091 1897 1103 1916 ‚
1129 1869 1296 1918 inprimis
1324 1870 1362 1908 in

260 1938 451 1976 medicina.
517 1939 602 1986 Ipse
644 1938 735 1976 adeo
784 1938 1114 1976 Reichenbach
1155 1939 1359 1977 breviorem

257 2008 327 2056 §am
356 2008 556 2056 usurpabat
583 2009 796 2046 methodum
825 2009 972 2056 parandi
995 2008 1245 2055 Creosoti,
1272 2009 1360 2047 usui

258 2078 399 2116 medico
424 2078 621 2124 destinati,
661 2090 768 2126 quam
801 2087 919 2116 tamen
943 2079 1039 2126 apud
1065 2079 1206 2115 nullum
1230 2087 1359 2116 aucto-

238 2160 331 2187 ‘rem
358 2148 576 2196 descriptam
606 2149 728 2186 inveni
757 2150 778 2197 <
786 2150 842 2196 1).
896 2148 1001 2185 Hanc
1034 2159 1124 2186 vero
1152 2147 1357 2195 relinquere

1324 2225 1359 2254 et

300 2281 347 2323 (1)
374 2278 831 2320 Schweigger-Seidel,
847 2281 888 2310 N.
899 2278 1015 2309 Jahrb.
1038 2277 1232 2311 Tom.V111.
1246 2279 1359 2319 p.4o9·
