1487 2625
215 194 264 229 82
448 187 1114 229 COMMENTATIO

214 313 254 340 se
297 298 406 348 nigro
442 306 609 337 autumat
652 298 738 348 (1).
793 297 904 335 Hunc
938 299 1107 335 colorem,
1139 297 1226 335 oriri
1253 298 1337 345 qui-

218 372 299 409 dem
346 367 567 414 observavi,
606 367 638 405 si
680 368 725 404 ad
775 367 985 407 Orfilae
1022 368 1229 415 exemplum
1266 367 1335 415 (2)

216 441 380 489 oxydum
417 446 587 475 nostrum
622 435 848 474 carbonibus
882 436 1227 476 incandescentibus
1267 437 1335 475 irn-

217 508 435 554 mittebam‚
465 517 578 554 atque
611 507 780 544 laminam
811 505 990 554 frigidam
1007 506 1224 547 metallicam
1261 506 1339 554 igni

211 578 493 627 quamproxime
514 578 696 615 admotam
719 576 887 615 tenebam
905 603 918 622 ,
947 584 988 613 ut
1020 576 1117 613 aeris
1139 586 1335 614 accessum

212 651 484 697 quantumpote
518 658 694 685 arcerem.
764 646 920 685 Lamina
968 645 1136 684 enimsi
1172 646 1217 683 ab
1251 646 1338 695 igne

213 717 327 765 magis
361 726 438 755 erat
475 726 615 754 remota
633 745 646 763 ,
672 717 813 754 macula
837 716 1020 754 albicante
1045 715 1267 764 tegebatur,
1291 727 1338 754 ex

211 789 334 825 denuo
368 796 498 825 exorto
528 788 670 834 oxydo.
727 787 879 835 Semper
914 786 1022 824 etiam
1054 785 1232 826 maculam
1256 793 1338 823 tan-

210 865 288 894 tum
317 856 534 895 albicantem
564 857 668 903 vidi,
696 855 729 893 si
766 867 839 903 pro
878 855 1105 893 carbonibus
1144 855 1335 894 incandes-

210 926 380 964 centibus
417 926 588 964 laminam
630 925 844 964 metallicam
869 925 1166 967 subst‚ituebam.'

259 997 380 1035 Color
414 1006 535 1034 tamen
566 996 673 1034 albus
707 996 834 1034 itidem
874 996 994 1033 oritur
1031 1005 1075 1037 ex
1102 995 1250 1040 Zinco,
1289 1006 1333 1033 ex

208 1066 432 1104 Antimonio
447 1094 460 1114 ‚
477 1065 648 1113 quamvis
671 1066 812 1104 macula
826 1094 839 1111 ,
852 1077 947 1113 quae
960 1077 1004 1103 ex
1028 1066 1149 1103 Zinco
1167 1065 1256 1103 oriri
1272 1076 1336 1103 so-

210 1138 262 1174 let
279 1165 291 1183 ‚
309 1138 414 1174 nullo
437 1137 593 1185 gaudeat
609 1147 743 1185 sapore
758 1144 793 1174 et
810 1136 922 1174 odore
938 1164 950 1183 ‚
980 1135 1117 1184 illaque
1131 1164 1144 1184 ‚
1169 1147 1266 1182 quae
1290 1146 1336 1173 ex

207 1206 318 1244 Stibii
342 1207 630 1254 hydrochlorate
668 1206 863 1251 nascitur,
889 1216 1022 1253 sapore
1058 1205 1241 1243 instructa
1284 1203 1335 1242 sit

209 1270 282 1308 acri
306 1279 342 1308 et
364 1271 481 1309 salino
511 1279 624 1318 atque
645 1270 819 1308 facillime
843 1270 882 1306 in
916 1280 1012 1317 aqua
1036 1270 1205 1315 solvatur
1230 1269 1331 1318 (3),

210 1340 348 1387 quibus
374 1343 499 1389 itaque
535 1341 680 1380 indiciis
718 1340 899 1388 distingui
927 1348 1091 1388 possunt
1122 1339 1189 1378 hae
1214 1339 1260 1377 ab
1289 1338 1333 1377 il-

206 1411 268 1456 la,
298 1422 393 1458 quae
423 1411 550 1459 oxydo
580 1411 751 1449 Arsenici
784 1410 941 1459 produci
962 1411 1073 1448 solet.

261 1478 429 1516 Tertium
447 1508 460 1525 ‚
474 1491 552 1527 quo
575 1481 745 1519 Arsenici
773 1480 936 1528 oxydum
965 1480 1126 1518 solidum
1146 1478 1335 1528 dignosci·

209 1555 270 1584 tur
304 1548 450 1596 signum
470 1578 483 1596 ‚
519 1551 690 1599 sequenti
725 1550 899 1588 instituto
937 1550 1190 1598 experimento
1216 1562 1329 1600 appa-

207 1626 276 1656 ret.

257 1688 416 1725 Materia
454 1698 656 1736 suspecta,
701 1690 733 1726 si
768 1690 932 1737 oxydum
966 1689 1041 1736 sit,
1076 1689 1181 1727 fluxu.
1217 1688 1326 1738 nigro

210 1758 348 1803 mixta‚
379 1759 584 1807 imponitur
619 1759 770 1797 laminae
805 1759 1013 1807 splendenti
1048 1771 1066 1795 e
1092 1770 1211 1806 cupro
1232 1770 1324 1796 con-

210 1827 356 1874 fectae,
382 1838 492 1876 atqua
536 1830 658 1867 fluxus
687 1841 758 1876 ope
793 1829 1035 1876 adspergendi
1062 1828 1156 1866 linea
1177 1829 1326 1867 ducitur

210 1898 426 1935 orbicularis
463 1900 600 1937 circum
640 1911 778 1948 corpus
815 1908 1060 1947 venenatun13
1090 1909 1166 1946 quo
1197 1897 1325 1944 facto,

1224 1967 1326 2016 prio·

249 2099 297 2139 (ι)
327 2101 561 2140 Τοχίεοίοὲία,
586 2112 615 2139 p.
632 2111 701 2141 272.
723 2105 783 2129 art.
804 2101 835 2131 3.
857 2101 909 2131 Cf.
936 2099 1198 2130 Hahnemnnn
1214 2120 1224 2137 ,
1239 2099 1327 2136 ibid:

250 2153 299 2190 (2)
322 2153 425 2181 Arclz.
445 2156 556 2191 gener.
567 2155 604 2183 dr:
624 2156 745 2184 Medic.
760 2155 851 2194 1829.
872 2153 950 2184 Mai.
980 2153 1033 2183 Cs·
1055 2152 1084 2182 H
1099 2163 1118 2182 u
1131 2152 1173 2182 fe
1188 2152 1199 2181 l
1214 2162 1229 2181 a
1242 2162 1264 2182 n
1277 2152 1297 2182 d
1309 2174 1320 2190 ,

206 2205 371 2235 Bz'bliotlz.
397 2207 474 2236 1830
494 2217 528 2245 p.
546 2207 620 2238 410.

243 2257 294 2297 (3)
321 2257 347 2287 H
363 2258 464 2288 enke
481 2282 489 2295 ,
518 2261 636 2290 Lem-I).
660 2261 686 2293 ξ,
710 2261 781 2291 (356.
