1487 2625
0 2529 1 2558 i

0 2560 2 2581 ι

537 175 882 216 MEDICA.
1215 180 1260 219 61

157 286 264 323 culos
291 292 327 322 et
348 283 519 322 intestina
547 285 732 324 cadaveris
766 285 927 323 hominis
956 286 1074 335 capite
1105 286 1264 327 damnati

158 366 230 404 ope
260 354 459 392 solutionis
495 354 706 392 arsenicalis
745 364 998 394 concentratae
1030 356 1264 396 humectave-

158 432 226 463 rat.
280 423 413 462 Omnia
438 425 535 462 lente
564 424 841 463 exsiccabantur
871 433 983 474 atque
1018 425 1113 464 intra
1139 435 1162 475 5
1186 425 1265 465 fere

144 505 303 533 -menses
330 495 489 533 musculi
519 495 680 533 colorem
727 495 879 533 rubrum
927 506 1001 534 non
1039 495 1262 544 amiserant,

157 565 244 603 dum
280 564 453 603 intestina
502 567 628 603 colore
665 565 867 614 nigricante
907 565 1085 604 instructa
1106 593 1120 613 ‚
1163 566 1265 604 flexi-

157 634 333 674 bilitatem
382 633 613 682 formamque
655 634 963 673 membranaceam
1023 645 1265 689 conservave-

142 713 241 742 ··rant
258 733 271 752 ‚
297 714 407 752 atque
443 704 593 752 penitus
629 715 705 742 non
743 705 801 742 vel
823 716 952 753 parurn
980 713 1081 743 erant
1106 713 1261 745 mutata.

157 775 281 813 Partes
308 783 428 813 autem
451 774 639 812 solutione
665 774 726 813 illa
750 785 826 812 non
855 783 1026 813 tractatae
1063 775 1263 823 eademque

144 844 298 883 satione
334 845 501 894 sepultae
521 856 630 883 muco
656 853 693 883 et
729 844 863 883 Musca
888 844 1029 883 canaria
1060 853 1161 883 erant
1192 844 1260 883 ob·-

154 926 255 954 sessa
281 916 368 953 odo
357 926 507 964 remque
533 915 752 964 spargebant
785 915 1063 954 cadaverosum.
1104 934 1159 943 —
1182 915 1261 953 Eo·

142 985 231 1022 *dem
260 982 338 1022 fere
374 992 539 1034 tempore
576 995 710 1033 organa
748 984 891 1023 diversa
930 985 1073 1023 interna
1096 985 1166 1023 viri
1193 997 1261 1024 cu-

149 1053 293 1103 jusdam
328 1054 513 1092 Arsenico
548 1053 734 1092 interfecti
759 1055 873 1092 humo
909 1055 1096 1094 mandavit
1129 1055 1260 1103 sicco,

150 1135 235 1163 cum
281 1123 489 1163 abdominis
530 1124 689 1163 musculi
720 1125 866 1174 jamJ'arn
903 1124 1098 1172 putredine
1137 1133 1262 1164 essent

139 1194 254 1233 tacti.
305 1195 404 1232 Intra
440 1193 606 1242 quinque
645 1205 797 1233 menses
832 1193 938 1232 theca
974 1194 1115 1242 lignea,
1164 1206 1260 1243 quae

145 1275 286 1313 *organa
309 1264 371 1301 illa
393 1264 606 1302 continebat
643 1272 719 1302 erat
744 1265 907 1313 collapsa
940 1264 1054 1312 inque
1084 1264 1260 1303 substan-

142 1334 235 1373 *t'iam
259 1334 404 1372 mollem
423 1344 616 1372 conversa,
671 1333 849 1372 Intestina
867 1346 955 1373 vero
981 1333 1127 1373 foetore
1140 1346 1257 1384 'quam

140 1404 302 1443 maxime
337 1404 479 1453 ingrato
511 1403 788 1452 reperiebantur
817 1403 977 1452 infecta,
1029 1404 1094 1454 qui
1133 1413 1254 1443 tamen

148 1476 260 1524 longe
283 1482 356 1512 erat
389 1474 533 1513 diversa
557 1474 602 1513 ab
626 1473 691 1512 illo
716 1475 831 1512 odore
845 1502 858 1522 ,
873 1486 950 1522 quo
972 1474 1258 1522 vuigorcad‘ave-

136 1557 189 1584 ·ra
220 1546 341 1584 solent
366 1554 448 1583 esse
473 1544 680 1593 instructa;
707 1555 829 1592 neque
855 1544 895 1582 ea
916 1556 1027 1584 muco
1059 1553 1258 1584 erantitec-

147 1624 201 1662 ta,
234 1626 355 1663 neque
393 1611 497 1653 color
529 1626 550 1653 a
575 1625 665 1653 sano
690 1615 810 1654 multo
843 1623 920 1654 erat
954 1614 1152 1663 diversus,
1179 1614 1255 1653 imo

146 1683 469 1723 demonstrationis
499 1683 722 1722 anatomicae
743 1684 874 1722 sistere
903 1691 1103 1738 potuerant
1128 1683 1258 1734 objec-

148 1762 210 1800 ta,
238 1764 321 1792 cum
337 1753 563 1792 ventriculus
585 1754 736 1803 insuper
773 1763 809 1793 et
840 1753 975 1793 canalis
1002 1754 1223 1793 intestinalis
1239 1784 1252 1802 ‚

147 1822 318 1861 firmitate
336 1823 489 1861 naturali
515 1824 612 1861 haud
643 1833 766 1862 essent
791 1824 987 1863 destituta.
1042 1824 1183 1863 Tribus
1207 1825 1252 1862 ab

145 1893 230 1931 hinc
263 1893 450 1931 mensibus
476 1894 633 1942 elapsis,
659 1894 773 1933 odore
795 1894 859 1933 illo
886 1904 994 1934 antea
1019 1895 1164 1934 insuavi
1194 1906 1254 1933 ca-

1197 1977 1253 2004 re·

143 2091 225 2121 ditis
238 2092 274 2121 cle
287 2093 321 2121 vi
334 2093 478 2122 arsenici
502 2094 535 2123 in
558 2104 697 2134 corpora
716 2096 876 2136 organica
889 2100 1021 2125 mortua
1044 2096 1250 2136 experimen-

139 2145 193 2175 tis.
234 2144 362 2175 vratisl.
402 2146 490 2178 1822.
524 2161 560 2169 —
594 2147 648 2179 Cf.
682 2147 839 2180 Hor-us
886 2149 1118 2189 Arch.1829.
1152 2148 1246 2187 Sept.

143 2196 216 2227 Oct·
240 2209 268 2235 Ρ
286 2209 385 2239 779-
390 2200 439 2240 89-
