1487 2625
457 178 858 229 INTRODUCTIO.
1192 196 1217 231 7

96 285 238 324 dit-ione
263 285 510 334 Graecos,
552 299 617 337 per
639 290 780 328 infinita
805 290 970 339 pericula
995 291 1032 330 in
1059 293 1213 340 patriam

96 355 271 403 reduxit,
324 357 389 405 qui
436 359 550 396 multa
601 368 784 408 praeterea
836 361 873 398 in
917 373 1008 408 pace
1042 371 1077 399 et
1113 362 1213 401 bello

94 426 278 472 praeclare
326 427 473 475 gessit,
525 428 583 466 his
624 430 706 467 sine
744 429 859 467 dubio
891 430 991 468 haud
1025 432 1213 479 vulgarem

96 496 261 533 ostendit
310 496 448 545 ingenii
484 499 761 546 praestantiam.
839 500 1027 538 Praeterea
1064 502 1213 543 difficile

94 573 179 612 est,
217 577 286 604 nec
321 567 367 605 ab
411 579 643 616 unoquoque
677 569 771 606 bene
797 569 1048 618 explendum,
1090 570 1210 610 histo-

91 635 157 673 rici
172 647 337 675 munus:
367 639 469 686 gravi
494 647 614 676 autem
641 639 713 676 hoc
742 650 893 677 munere
919 640 1208 689 Xenophon,

87 707 255 745 omnium
294 719 512 754 consensu,
549 709 691 757 egregie
719 716 774 747 est
799 708 968 748 functus.
1035 710 1209 759 Denique

86 776 339 827 Cyropacdiae
368 789 466 825 opus
491 778 641 816 minime
665 790 751 826 prae
778 791 817 816 se
844 779 916 817 fert
942 781 1046 828 parvi
1070 781 1209 829 ingenii

86 855 303 885 auctorem:
333 857 462 886 contra
489 848 645 896 plurima
670 849 838 886 continet
864 850 1007 898 egregia
1042 861 1077 888 et
1098 862 1207 889 aurea

87 916 288 963 sapientiae
337 927 546 965 praecepta.
625 918 686 957 Ex
727 919 864 966 quibus
907 921 1080 958 omnibus
1122 922 1205 969 jure

84 985 176 1023 mihi
198 986 382 1024 conficere
406 987 534 1025 videor
549 1015 562 1034 ,
601 989 737 1025 nullam
773 1000 853 1026 esse
875 1001 1020 1026 causam
1036 1018 1049 1036 ,
1090 996 1204 1037 quare

79 1054 426 1104 Xenophonti,
480 1058 697 1094 Socratis
750 1058 954 1096 doctrinam
997 1059 1198 1107 referenti,

80 1123 189 1161 fidem
223 1125 460 1171 denegemus.
540 1126 666 1173 Nam,
719 1127 863 1165 etiarnsi
898 1120 1199 1178 acumine'inge-

78 1193 131 1230 nii
189 1194 455 1241 philosophico
517 1206 594 1233 non
631 1207 717 1233 cum
759 1197 956 1234 Platone
993 1200 1197 1246 comparari

79 1272 216 1310 queat,
244 1274 365 1301 tamen
388 1265 602 1312 neutiquam
630 1266 678 1303 ita
704 1266 853 1313 ingenio
879 1267 1080 1305 destitutus
1096 1266 1195 1315 fuit,

79 1342 120 1370 ut
144 1334 366 1371 Socratis
405 1334 607 1377 doctrinam
642 1346 718 1371 non
745 1337 977 1383 perciperet:
1017 1348 1098 1374 nam
1123 1337 1196 1374 hoc

78 1403 225 1451 quidem
276 1416 322 1441 ex
362 1404 537 1442 omnibus
576 1406 814 1452 antiquorum
849 1406 1196 1444 testimoniiscon-

76 1473 177 1520 stat,
227 1475 469 1511 Socratem
510 1474 549 1511 in
587 1473 672 1512 foro
706 1475 914 1523 plateisque
955 1487 1077 1513 coram
1115 1487 1196 1513 om-

75 1543 186 1581 nibus
230 1555 419 1581 sermones
459 1556 549 1582 suos
576 1544 780 1591 habuisse,
819 1546 987 1593 adeoque
1013 1557 1051 1584 ea
1079 1545 1193 1583 docu-

14 1656 15 1659 ,
75 1614 176 1659 isse,
220 1625 315 1660 quae
358 1615 532 1663 vulgares
571 1615 740 1652 homines
775 1615 977 1663 intelligere
1019 1623 1190 1664 possent.

71 1684 152 1721 Imo
182 1694 300 1730 vero,
341 1683 379 1721 id
403 1685 524 1732 ipsum
544 1712 557 1730 ,
586 1684 690 1731 quod
715 1685 835 1721 minus
849 1686 988 1723 valeret
1021 1685 1191 1739 acumine

71 1753 210 1800 ingenii
238 1754 529 1801 philosophico,
558 1754 665 1792 fidem
692 1755 763 1802 ipsi
786 1755 987 1792 habendam
1015 1766 1091 1793 non
1123 1768 1188 1804 pa-

73 1834 152 1859 rum
187 1833 317 1870 angere
356 1823 523 1860 videtur:
563 1824 611 1862 ita
638 1824 735 1861 enim
763 1833 861 1862 certe
897 1836 973 1862 non
1009 1828 1041 1863 is
1081 1835 1187 1873 erat,

71 1891 137 1939 qui
176 1902 274 1930 nova
315 1893 394 1939 ipse
431 1893 641 1939 inveniret,
681 1903 716 1930 et
756 1896 919 1942 magistri
946 1896 1095 1932 nomine
1118 1909 1185 1934 sua

68 1961 202 2009 placita
227 1963 511 1999 commendaret.
568 1964 932 2011 Xenophontem
959 1976 1033 2001 non
1060 1965 1187 2003 imme-

66 2032 140 2069 rito
187 2032 554 2069 Tennemannus
590 2033 658 2081 (1)
700 2042 888 2082 comparat
933 2046 1016 2071 cum
1050 2046 1183 2083 specu-

66 2101 132 2147 lo,
171 2102 275 2149 quod
310 2102 500 2149 imaginem
541 2111 749 2150 susceptam
785 2103 1002 2152 simpliciter
1035 2105 1184 2143 intuen-

66 2170 168 2208 tibus
202 2171 352 2209 reddat:
405 2161 497 2208 dum
532 2172 745 2210 Platonis
795 2172 983 2221 ingenium
1019 2174 1109 2214 felix
1143 2186 1181 2214 et

1088 2244 1160 2284 ube

108 2304 156 2342 (1)
190 2302 385 2333 Geschielate
410 2305 463 2335 der
484 2305 724 2345 Pln'losoplzie,
752 2306 844 2336 Tom.
868 2306 915 2336 ΙΙ.
938 2317 969 2346 p.
991 2306 1041 2337 65.
1163 2258 1181 2289 r
