1487 2625
400 224 862 289 ¹<oRA‘rlo.
1177 238 1232 280 19

116 356 247 402 micae
297 357 566 403 institutionis
616 358 771 405 alienae
816 371 926 408 sunt.
1024 366 1092 409 Ab
1145 367 1226 415 hac

113 433 238 478 etiam
276 434 521 478 alienissima
566 435 727 479 videtur
762 437 1100 498 institutio,1qua
1133 443 1224 488 dis-

112 519 251 556 centes
288 511 470 555 seribere
510 519 549 555 et
588 512 770 557 ediscere
807 514 1004 571 jubentur
1045 533 1150 575 quae
1196 536 1222 565 a

111 588 355 633 doctoribus
393 596 462 632 aut
490 588 719 655 dictantur,
750 598 819 634 aut
852 607 872 635 e
900 593 1058 652 scripto
1089 610 1220 654 prae-

107 666 312 724 leguntur.
371 665 484 722 Quid
510 665 618 709 enim
638 667 840 712 libertatis
864 668 993 713 habet
1016 670 1099 716 hoc
1122 688 1219 717 ma—

108 742 255 786 chinae
284 741 417 785 instar
448 742 575 785 verba
605 743 779 788 recitare
814 752 853 788 et
885 746 1098 805 excipere,
1129 751 1217 795 sine
1281 790 1284 791 ⁷

106 834 245 864 rerum
276 819 558 877 cogitatione?
634 819 719 864 Sed
746 821 855 865 hanc
880 823 1040 868 facilius
1066 840 1217 884 repre-

103 896 288 940 hendere
335 902 420 947 est,
487 911 610 952 quam
657 897 711 940 ab
761 912 808 942 ea
857 905 945 942 tota
989 901 1212 949 abstinere.

104 972 319 1019 Summum
352 972 659 1029 Cujacium‚
706 975 776 1031 qui
815 990 860 1019 se
893 990 1076 1033 unquam
1119 979 1215 1022 die-

102 1057 193 1094 tare
217 1050 419 1108 negabat,
449 1057 588 1093 tamen
618 1050 795 1094 dictasse
819 1051 997 1108 aliquid,
1020 1053 1063 1096 in
1092 1068 1211 1114 com-

102 1134 227 1190 perto
262 1134 335 1171 est.
397 1126 614 1186 Bononiae
643 1128 818 1171 subinde
853 1128 1054 1173 dictatum
1086 1131 1213 1176 fuisse

102 1204 265 1265 videtur
277 1221 307 1271 33
321 1203 479 1247 Patavii
506 1211 641 1247 autem
666 1204 711 1247 id
734 1205 886 1249 malum
913 1221 961 1249 eo
974 1206 1212 1265 ingruerat,

102 1288 147 1325 ut
184 1281 396 1325 scholares
443 1288 682 1340 postremo,
743 1282 915 1326 desertis
965 1277 1209 1339 auditoriis,

101 1358 279 1417 scriptas
326 1358 524 1401 lectiones
578 1358 693 1401 domi
738 1358 1035 1405 describerent.
1100 1362 1209 1406 Tum

100 1427 200 1481 vero
226 1430 389 1488 subito,
421 1449 614 1493 magnam
659 1435 707 1478 in⁴
741 1436 1013 1489 medicinam,
1056 1438 1211 1482 docto-

99 1527 166 1556 res
215 1512 333 1556 aliter
377 1527 503 1569 quam
545 1512 784 1556 memoriter
824 1514 999 1558 recitare
1042 1516 1207 1578 publice

98 1590 212 1635 vetiti
242 1596 350 1634 sunt.
439 1589 592 1633 Mirum
627 1589 750 1646 quid!
788 1590 898 1634 idem
935 1592 1205 1636 constitutum

99 1681 188 1712 esse
217 1666 260 1709 in
289 1666 479 1710 Leidensi
505 1665 741 1720 academia,
773 1666 1065 1725 inbvannalibus
1094 1668 1205 1725 ejus,
1241 1684 1244 1690 ’

99 1744 154 1788 ad
184 1758 336 1787 annum
370 1741 503 1795 1647,
531 1742 775 1796 invenimus.

153 1820 222 1865 Ad
254 1819 381 1872 haec,
413 1834 592 1876 quaeso,
623 1819 871 1875 Auditores‚
902 1834 1064 1864 mecum
1093 1836 1203 1880 pau-

96 1896 223 1955 lisper
243 1895 465 1940 subsistite.
528 1895 574 1940 Si
608 1895 711 1940 levia
741 1897 847 1940 forte
877 1896 995 1947 vobis
1028 1898 1202 1942 videan-

95 1980 186 2026 tur,
213 1979 283 2016 aut
308 1971 512 2030 vulgaria,
545 1964 651 2028 quae
677 1973 877 2035 exposui,
895 1974 1076 2031 vulgaria
1103 1974 1201 2032 qui-

95 2050 190 2094 dem
217 2064 306 2093 esse
337 2048 540 2092 concedo:
580 2055 675 2092 sunt
701 2048 904 2092 tralaticia
937 2050 1134 2108 pleraque
1152 2059 1199 2096 ‘et

94 2128 140 2171 in
172 2126 309 2171 medio
336 2126 495 2185 posita:
528 2125 630 2168 levia
663 2132 801 2169 tamen
842 2140 927 2169 non
955 2134 1063 2172 sunt.
1124 2128 1198 2172 His

96 2203 204 2248 enim
221 2210 383 2247 constat
399 2202 564 2246 libertas
580 2201 814 2246 academica
827 2234 838 2255 ‚
870 2210 1046 2262 propter
1071 2220 1194 2260 quam

95 2280 225 2324 solam
261 2279 494 2324 academiae
532 2278 840 2325 conservandae
870 2287 990 2323 sunt:
1034 2296 1113 2336 qua
1142 2282 1196 2324 li·-

963 2361 987 2387 c)
1007 2359 1028 2379 *a

965 2389 989 2398 n
