1487 2625
231 192 280 230 30
457 175 1125 219 οοΜΜΕΝΤ-Ατιο,

229 300 420 339 perstare,
469 287 779 337 quemadmodum
817 286 910 324 illud
951 293 1136 335 praeterea
1179 286 1314 335 probat
1330 315 1346 335 ,

231 374 340 410 quam
376 372 488 409 supra
515 358 801 397 memoravimus
831 356 1010 394 Haenii
1038 356 1279 404 observatio,
1309 366 1346 396 et

228 434 384 481 insuper
410 431 617 478 exemplum
645 428 715 467 viri
743 428 959 477 cujusdam,
993 426 1082 474 qui,
1118 426 1346 477 praegressis

228 502 344 550 signis
367 499 656 538 inflammatoriis
671 527 683 546 ‚
712 497 988 536 extremitatum
1011 497 1243 535 resolutione
1262 509 1346 535 cor-

226 571 431 619 ripiebatur
451 582 518 620 per
544 581 690 608 omnem
715 570 826 607 vitam
844 568 1022 615 reliquam
1037 597 1050 615 ‚
1064 567 1155 605 satis
1169 567 1317 616 longam
1332 595 1347 616 ‚

224 652 395 681 manente
409 641 494 692 (1).
537 641 644 679 Alter
671 640 823 685 deinde⁷
852 638 891 676 in
919 637 1178 677 observatione
1205 637 1346 676 doctis·

224 713 309 751 simi
334 712 556 760 Murray,
581 710 770 749 debilitate
795 709 933 757 insigni
958 717 1035 746 erat
1053 706 1238 754 affectus,
1256 719 1343 746 cum

223 795 371 821 crurum
390 792 546 831 stupore
564 792 771 829 eorumque
787 780 939 823 dolore..
957 779 1021 816 diu
1035 786 1246 816 remanente
1259 778 1345 825 (α).

271 852 316 891 In
339 853 413 890 alio
431 863 518 890 casu
536 862 646 899 supra
670 858 872 887 memorato
885 877 897 896 ‚
913 847 1123 887 Clarissimi
1139 847 1317 885 Berndt
1331 874 1346 895 ‚

222 922 418 962 deficiebat
445 922 483 960 in
510 920 680 959 manibus
710 919 893 957 sentiendi
915 927 950 957 et
969 919 1146 957 movendi
1171 917 1343 958 facultas-

222 993 343 1031 Crura
381 1000 504 1030 autern
546 1001 648 1029 erant
685 991 843 1038 inflexa,
868 1001 954 1027 cum
981 989 1118 1038 pedum
1145 997 1253 1027 motu
1276 989 1347 1027 im-

219 1062 348 1110 pedito
375 1061 459 1112 (3).

272 1132 390 1169 Doct.
427 1132 666 1169 Falconer
701 1129 842 1177 refert,
877 1142 918 1168 se
940 1130 1090 1179 saepius
1119 1129 1340 1169 observasse

220 1202 407 1251 paralysin
444 1201 488 1238 ab
527 1202 711 1239 Arsenico
754 1201 968 1250 provocari.
1033 1201 1076 1239 In
1110 1211 1186 1238 uno
1219 1210 1341 1239 autem

221 1273 392 1320 exemplo
418 1283 547 1310 manus
566 1270 718 1309 fuerunt
746 1270 924 1319 affectae3
950 1272 1065 1309 veluti
1082 1271 1173 1310 illud
1189 1259 1344 1321 aplum-

218 1341 269 1378 bo
297 1342 496 1389 aliquando
525 1343 686 1389 accidit3
728 1342 765 1380 in
792 1342 940 1380 duobus
969 1354 1057 1380 vero
1084 1343 1165 1380 aliis
1192 1341 1341 1381 affectio

216 1411 417 1460 paralytica
449 1421 527 1450 erat
562 1412 772 1459 generalis,
813 1422 850 1450 et
876 1411 1022 1451 initium
1052 1411 1190 1451 fecerat
1215 1425 1235 1453 a
1260 1417 1341 1453 sin-

217 1482 334 1531 gulari
361 1482 608 1536 insensilitate
635 1483 672 1521 in
700 1482 900 1531 digitorum
929 1482 1099 1531 apicibus
1128 1484 1211 1533 (4).

268 1553 434 1591 Tandem
474 1553 662 1591 invenitur
700 1554 854 1592 historia
894 1552 1078 1591 foeminae
1111 1554 1242 1592 aetatis
1273 1555 1339 1593 tri-

217 1623 344 1671 ginta,
379 1633 414 1660 et
441 1624 544 1670 quod
570 1623 731 1661 excurrit
757 1634 936 1661 annorum
954 1652 967 1671 ,
1007 1635 1100 1671 quae
1128 1636 1171 1662 ex
1198 1625 1341 1673 impro-

216 1694 301 1730 viso
328 1702 523 1740 assumpto
550 1693 734 1730 Arsenico
762 1694 922 1742 paralysi
949 1693 1248 1742 corripiebatur,
1281 1706 1339 1733 ar·

217 1773 280 1801 tus
311 1754 507 1801 inferiores
536 1774 686 1802 tenente
702 1792 715 1811 ‚
745 1775 817 1811 qua
835 1776 918 1802 cum
944 1763 1141 1802 affectione
1159 1765 1338 1813 reliquam

216 1834 293 1882 egit
320 1843 474 1872 aetatem
503 1846 635 1882 suam,
689 1834 787 1872 haud
824 1834 1045 1873 mediocrem
1074 1835 1225 1873 eandem
1252 1836 1335 1886 (5).

253 1967 311 2004 (ι)
333 1969 418 1996 Nov.
440 1967 519 1997 Act.
542 1968 626 1997 Nat.
650 1968 770 1997 curios.
791 1967 870 1997 Vol.
893 1968 959 1999 ΙΙΙ.
980 1979 1014 2008 p.
1034 1969 1107 1999 532.

251 2025 305 2060 (2)
326 2021 448 2051 Edinb.
490 2022 573 2050 med.
616 2022 683 2051 aad
713 2033 806 2063 surg.
832 2024 955 2053 Journ.
996 2022 1132 2053 XVIII.
1164 2022 1235 2064 167·
1279 2023 1334 2054 Cf·

213 2073 462 2104 Christi'son
488 2074 658 2104 Ablzandl.
683 2085 718 2114 p.
739 2075 811 2116 319.

247 2128 302 2171 (3)
325 2127 403 2158 Vid.
427 2139 520 2166 supra
545 2130 571 2164 §-
596 2140 626 2160 2·

252 2183 303 2221 (4)
329 2183 566 2212 ohservations
593 2193 635 2212 on
664 2182 719 2212 tlte
747 2182 857 2222 Palsy
885 2182 928 2222 by
957 2182 1015 2212 W.
1039 2182 1270 2221 Falconer,
1297 2183 1331 2215 in

210 2236 369 2265 Alemoirs
390 2235 499 2276 oftlze
521 2237 633 2265 medic·
656 2247 722 2265 soc.
745 2237 782 2278 of
800 2237 905 2265 Lond.
936 2235 1009 2264 Vol.
1027 2236 1073 2267 11.
1095 2247 1127 2275 p.
1143 2247 1215 2268 201.
1239 2237 1329 2279 1773.

254 2288 300 2328 (5)
325 2290 408 2318 Nou.
430 2289 508 2319 Act.
530 2291 611 2319 Nat.
637 2290 758 2319 curio&
781 2288 858 2320 vol.
885 2289 949 2321 111.
973 2289 1111 2321 Observ.
1128 2300 1200 2321 100.

1466 1132 1480 1187 *be-⁴-
1469 789 1487 1123 Waem-ae«s-—-.qn
1475 695 1485 771 ,n-.
1476 638 1485 679 :³4
1483 572 1486 579 .
