1487 2625
393 201 987 242 THEOLOGICA.
1200 212 1243 246 91

143 321 304 352 temnere
327 321 537 360 coeperant.
590 311 687 348 Hinc
713 318 788 347 erat
814 309 943 357 opinio
960 338 972 357 ‚
1000 311 1102 368 Deos
1123 319 1249 344 munc-

142 383 246 421 ribus
281 382 499 430 corrumpi,
543 390 578 418 et
611 378 801 418 sacrificiis
828 379 926 417 flecti
951 390 1092 427 posse,
1132 379 1180 415 ita
1209 386 1248 414 ut

143 452 202 499 ei,
245 452 309 499 qui
347 450 502 499 plurima
531 449 707 488 sacrificia
741 449 917 496 offerret,
968 448 1039 486 etsi
1066 457 1162 486 esset
1187 459 1250 485 ne-

144 521 348 570 quissimus
371 522 509 566 houm,
538 520 690 557 maxime
712 519 900 567 faverent3
929 519 1075 566 itaque,
1103 519 1133 555 si
1161 520 1251 567 quid

142 590 272 638 flagitii
296 590 535 628 commissum
568 600 648 626 esse
674 589 843 636 privatim
869 597 933 626 aut
961 589 1111 637 publice
1127 630 1129 632 v
1146 589 1247 640 vide-

143 659 279 705 batur,
319 658 493 697 sacrificia
528 656 804 704 offerebantur,
852 657 990 705 quibus
1019 657 1082 697 Dii
1106 650 1251 707 permo-

143 737 341 775 verentur,
371 737 411 765 ut
439 736 565 765 sontes
590 739 705 775 poena
732 729 831 776 J'usta
856 728 1081 776 eximerent,
1110 729 1251 766 etiamsi

144 809 221 836 non
256 800 454 847 conjuncta
500 807 623 835 esseut
648 809 731 834 cum
757 797 896 844 animi,
935 799 1109 835 malarum
1137 799 1252 837 actio-

143 877 234 904 num
259 865 403 912 fontis,
432 867 676 904 conversione
700 866 783 913 (1).
812 865 904 903 Non
927 866 975 903 ita
1002 867 1249 904 Socrates:

142 936 202 973 hic
228 937 348 974 Deum
371 947 516 983 semper
543 936 638 973 tueri
664 936 761 983 leges
787 947 871 973 suas
888 963 901 983 ‚
937 946 972 973 et
1007 937 1106 985 juste
1134 936 1170 973 in
1197 949 1252 974 re-

143 1004 214 1043 bus
242 1005 412 1043 humanis
446 1005 620 1052 regundis
646 1004 782 1042 versari
807 1005 1052 1043 existimabat.

194 1075 295 1112 Haec
324 1084 444 1113 autem
469 1075 613 1122 egregia
638 1074 850 1122 progressio
875 1075 920 1111 ad
941 1086 1062 1112 veram
1091 1076 1252 1122 dignam-

144 1155 217 1191 que
251 1144 321 1181 Dei
347 1145 536 1181 notionem
555 1172 567 1190 ‚
606 1143 748 1181 cuinam
780 1155 910 1181 causae
932 1145 1124 1182 tribuenda
1151 1145 1252 1182 vide—

143 1214 236 1251 tur?
265 1214 389 1252 Causa
415 1221 516 1259 erat,
547 1214 650 1259 quod
677 1213 757 1260 ipse
785 1213 1008 1251 Socrates
1037 1224 1254 1261 pervenerat

143 1284 189 1321 ad
221 1282 485 1320 conscientiam
518 1282 705 1329 dignitatis
744 1294 830 1319 suae
862 1283 1048 1319 rationalis
1073 1291 1108 1319 et
1136 1295 1255 1320 mora-

143 1353 204 1390 lis.
262 1352 332 1399 ld,
373 1353 475 1399 quod
511 1353 623 1388 homo
664 1352 700 1388 in
727 1363 766 1388 se
792 1351 874 1398 ipso
901 1352 1252 1398 praestantissimum

148 1432 184 1460 et
206 1422 464 1471 dignissimum
487 1421 610 1467 videt,
639 1422 734 1458 solet
750 1420 893 1458 divinae
905 1429 1052 1459 naturae
1068 1421 1250 1459 tribuere:

146 1493 178 1530 si
214 1493 329 1530 homo
362 1502 500 1539 corpus
539 1491 769 1539 praecipuam
810 1500 959 1529 naturae
989 1502 1075 1528 suae
1111 1501 1251 1538 partem

148 1562 286 1609 habet,
315 1563 374 1599 vel
401 1561 505 1599 etiam
534 1561 639 1598 unice
663 1571 819 1608 corpore
845 1570 1007 1597 naturam
1033 1572 1254 1597 suam-con-

145 1632 254 1671 tineri
297 1639 449 1678 censet,
489 1631 632 1668 divinae
663 1639 812 1667 naturae
845 1628 929 1666 loco
964 1630 1073 1667 habet
1097 1639 1132 1666 et
1165 1631 1254 1668 coiit

146 1702 211 1749 id,
251 1701 311 1738 cui
345 1712 484 1748 corpus
521 1700 728 1749 subjectum
767 1708 849 1746 est,
903 1709 1084 1738 externam
1123 1711 1254 1747 nempe

149 1782 271 1808 rerum
296 1779 459 1807 naturam
476 1798 488 1816 ,
528 1769 626 1807 vires
650 1769 852 1817 physica53
895 1769 953 1806 sin
981 1780 1069 1806 vero
1097 1769 1267 1818 rationa-⁴

149 1842 218 1879 lem
244 1852 356 1878 suam
383 1848 522 1888 partem
541 1867 553 1885 ‚
593 1840 631 1876 id
669 1839 784 1885 colit,
823 1839 884 1876 cui
924 1849 1072 1877 naturae
1096 1839 1253 1876 morales

146 1911 336 1956 subsunt,
375 1918 539 1947 naturam
571 1910 741 1946 moralem
765 1920 968 1955 summam,
1005 1909 1095 1956 legis
1135 1919 1254 1945 mora-

145 1980 191 2018 lis
228 1990 430 2018 auctorem.
484 1979 545 2016 Sic
586 1986 621 2015 et
662 1978 698 2015 in
739 1979 931 2016 Socrate
970 1989 1025 2015 res
1062 1989 1101 2015 se
1126 1977 1250 2016 habet.

149 2052 244 2090 Cum
280 2050 350 2088 sibi
392 2048 566 2087 conscius
605 2058 731 2095 esset,
783 2059 823 2085 se
868 2047 1010 2086 ratione
1049 2047 1251 2095 praeditum

1195 2129 1252 2154 es-

188 2201 236 2242 (ι)
275 2201 327 2231 Cf.
353 2200 456 2230 Plat.
487 2202 524 2231 de
544 2203 630 2240 Rep.
651 2200 728 2230 Lib.
753 2199 801 2231 11.
821 2210 891 2240 pag.
913 2200 996 2236 564,
1033 2200 1088 2229 ubi
1121 2201 1252 2231 affertur

145 2259 353 2290 Homericum
376 2259 464 2289 illud
475 2270 484 2287 ι·
530 2260 691 2300 arpen-‘rba
705 2257 741 2292 δὲ
756 2271 796 2300 γε
811 2260 868 2292 mc?
883 2256 1068 2292 θεοῖσιύτοῖ.
