1487 2625
589 460 767 501 CAPUT
795 456 1068 497 TERTIUM.

319 600 371 627 DE
402 596 609 626 CREOSOTI
638 589 1009 622 PROPRIETATIBUS
1038 586 1243 616 CHEMICIS
1269 587 1326 615 ΕΤ

586 659 726 692 USlBUS
752 662 803 690 EX
828 658 1064 688 ns'ORTls·
1092 657 1096 672 ⁷
1128 658 1131 664 '

616 767 1011 802 9&

764 879 799 926 δ.
860 890 894 917 1.

362 999 418 1037 Dc
443 999 604 1039 Cnoson·
629 1001 809 1038 relatione
834 999 889 1037 ad
908 1009 1065 1051 corpora
1090 998 1297 1049 simplicia,

676 1081 747 1107 non
769 1070 970 1108 metallica.

326 1187 412 1250 Ad
427 1211 650 1260 oxygenium
669 1222 814 1259 parvam
830 1210 940 1248 habet
952 1209 1160 1247 affinitatem
1176 1236 1190 1256 ,
1217 1208 1268 1246 ita
1284 1216 1326 1248 ut
1345 1208 1384 1246 in

276 1283 355 1330 ej‘us
393 1289 568 1318 contactu
596 1289 710 1328 atque
743 1280 853 1318 etiam
878 1280 916 1316 in
939 1287 1114 1317 contactu
1134 1278 1228 1317 aeris
1251 1286 1389 1316 atmos·

277 1350 439 1397 phaerici
487 1350 644 1388 calefieri
681 1350 802 1398 possit
839 1362 960 1398 usque
984 1351 1029 1387 ad
1054 1357 1234 1396 punctum
1259 1349 1392 1387 ebulli-

281 1420 397 1458 tionis
425 1420 505 1457 sine
545 1421 764 1459 mutatione.
817 1418 1196 1458 Reichenbach
1231 1428 1298 1466 per
1334 1430 1392 1456 sa-

278 1489 327 1527 tis
362 1491 513 1537 longum
551 1498 699 1538 tempus
729 1490 822 1528 illud
854 1496 1075 1537 exposuerat
1101 1487 1238 1526 actioni
1271 1488 1391 1526 radio-

277 1571 357 1596 rum
394 1559 509 1606 solisg.
538 1571 604 1596 nec
641 1569 761 1597 tamen
793 1560 994 1597 flavescens
1027 1559 1131 1595 color
1157 1557 1241 1596 inde
1273 1558 1391 1596 Creo-

277 1637 362 1665 soto
396 1628 598 1666 oriebatur.
653 1629 858 1666 Decoctum
890 1640 973 1666 cum
1003 1628 1128 1674 oxydo
1157 1626 1302 1674 plumbi
1329 1639 1391 1664 ru-

281 1698 374 1744 bro,
445 1698 582 1734 >nullam
631 1698 771 1745 accepit
818 1697 1050 1735 mutationem
1075 1709 1087 1744 3
1144 1696 1254 1733 sicuti
1291 1698 1391 1734 nulla

277 1767 386 1805 etiam
428 1767 618 1804 obtinebat
646 1768 831 1813 mutatio,
885 1776 1084 1814 postquam
1128 1777 1212 1803 cum
1267 1767 1391 1814 oxydo

282 1836 505 1885 manganesii
534 1835 653 1875 fuerat
681 1838 891 1874 decoctum.
925 1837 1149 1874 Creosotum
1175 1846 1291 1882 vere,
1320 1847 1394 1874 ma·

282 1907 337 1954 gis
374 1907 512 1943 elevata
534 1909 804 1954 temperatura,
834 1907 1060 1954 oxygenium
1088 1906 1291 1954 deutoxydi
1324 1907 1393 1954 hy-

283 1977 446 2024 clm-gyri
469 1977 615 2013 attraxit
631 2004 644 2021 ‚
673 1987 709 2013 et
736 1977 892 2023 primum
927 1976 1106 2022 rubrum,
1129 1974 1258 2013 deinde
1281 1974 1394 2012 brun-

284 2057 393 2083 neum
418 2047 580 2083 colorem
609 2047 777 2093 accepit3
806 2045 1044 2083 calefactione
1065 2055 1185 2082 autem
1211 2044 1393 2093 deutoxy-

281 2116 318 2152 di
340 2117 551 2162 protracta,
581 2115 808 2153 Creosotum
835 2117 976 2152 tandem
1016 2116 1054 2152 in
1082 2126 1218 2163 corpus
1255 2116 1396 2153 resino·

287 2195 367 2222 sum
408 2185 608 2230 transibat,
638 2185 723 2222 dum
765 2186 1032 2233 hydrargyrum
1064 2196 1217 2231 prorsus
1246 2186 1394 2224 reduce-

292 2262 404 2289 retur.

1291 2325 1394 2372 Oxy·

1485 1261 1487 1318 ἰ
