1487 2625
520 198 868 239 MEDICA.
1174 210 1240 246 ης)

135 315 196 343 sae
232 305 511 354 praecipita-tum
546 307 686 349 oriatur
715 308 843 344 colore
869 307 968 345 albo.
1023 309 1141 346 Color
1175 320 1238 345 2111--

132 382 206 412 tem
246 374 279 413 si
313 375 430 415 flavus
467 377 517 414 sit
566 378 675 415 nimia
723 379 901 425 reagemis
951 377 1059 425 copia
1099 378 1238 425 liquori

130 443 204 482 fuit
239 445 392 495 adjecta.
435 447 522 496 Quo
549 448 585 485 in
610 460 699 485 casu
731 449 853 485 omnia
894 448 930 486 in
963 448 1066 487 acido
1098 449 1236 486 acetico

131 523 219 551 sunt
245 515 576 566 solvenda‚maj0r
598 517 758 565 liquoris
781 517 949 556 venenati
975 519 1158 566 quantitas
1177 520 1238 556 ad-

135 584 255 623 denda
272 613 285 633 ‚
306 585 513 634 iterumque
543 584 820 635 praecipitatum
845 587 1018 625 Potassae
1051 600 1123 635 ope
1145 588 1240 626 exci-

126 655 293 694 tandum.
497 698 499 700 ,

180 718 305 756 Bran
320 719 344 756 d
357 731 376 757 e
389 730 406 757 s
427 719 538 769 hujus
557 721 737 768 reagentis
765 732 835 768 ope
855 720 1025 758 Arsenici
1051 721 1240 768 deutoxy-

130 787 168 825 di
202 799 354 836 granum
385 801 497 829 unum
534 790 572 828 in
607 802 732 837 1000,
775 792 814 843 ἦ,
834 800 934 837 500,
962 792 983 840 ἑ
1010 800 1044 828 et
1071 793 1114 839 5¹5
1148 803 1242 827 1000

125 868 242 906 aquae
263 859 431 906 partibus
453 861 575 897 soluta
590 860 767 909 ‚detegit.
802 863 831 898 ἱ)
860 861 1047 909 isparuere
1078 872 1167 898 vero
1192 872 1246 898 re-

125 927 282 966 actionis
310 929 443 967 indicia
461 941 545 968 cum
576 932 617 980 ἐῢ
642 931 744 978 grani
778 943 914 978 10,000
942 943 1057 978 aquae
1072 931 1238 978 partibus

126 997 298 1036 diliusset
321 999 398 1049 (1).

176 1069 320 1105 Murias
351 1077 471 1105 autem
494 1069 712 1106 Ammoniae
743 1069 885 1117 absque
925 1071 1107 1108 Arsenico
1143 1071 1236 1108 idem

123 1137 253 1186 efficit,
281 1140 426 1186 aliaque
459 1138 565 1186 plura
597 1138 682 1186 (2).

177 1209 404 1248 Omniahaec
418 1209 524 1247 etiam
538 1210 658 1246 valere
674 1209 846 1247 videntur
854 1211 899 1248 de
912 1209 1046 1247 nitrate
1057 1218 1237 1259 protoxy-

125 1278 164 1316 di
198 1279 426 1327 Hydrargyri
451 1279 547 1328 (3),
564 1281 671 1329 cnjus
696 1292 767 1328 ope
786 1282 1005 1318 Arsenicum
1033 1293 1240 1329 1‚000‚000

123 1359 241 1396 aquae
259 1349 429 1397 partibus
447 1350 610 1387 solutum
633 1361 672 1387 se
687 1350 868 1399 detegisse
880 1350 991 1388 refert
1019 1352 1050 1389 Z
1065 1352 1074 1388 i
1092 1364 1110 1389 e
1124 1364 1139 1388 r
1155 1354 1236 1399 (4).

123 1417 350 1457 Brandes
386 1428 505 1457 autem
545 1420 741 1457 reactionis
778 1421 972 1457 terminum
1005 1423 1134 1459 statuit
1173 1424 1236 1453 -Ξ-

1175 1453 1234 1473 250

86 1514 92 1521 .
123 1490 224 1538 grani
249 1497 387 1537 partem
426 1500 567 1538 75,000
597 1501 714 1539 aquae
748 1492 906 1528 solutam
937 1491 1024 1541 (5).

614 1615 647 1661 ἓ.
692 1617 750 1651 16.

349 1729 562 1767 Solutio
603 1731 770 1778 Amyli
823 1732 1025 1770 iodqasta.
1074 1736 1076 1739 “

173 1874 514 1923 Brugnatelli
547 1875 689 1913 tandem
719 1875 900 1923 reagentis
934 1876 1047 1912 instar
1075 1874 1240 1913 laudavit

1172 1956 1233 1982 SO-

162 1999 469 2050 (1)⁴Brandes,
493 2007 516 2038 l.
547 2017 575 2038 c.

159 2064 213 2102 (2)
234 2061 436 2093 Richter
453 2061 518 2100 ,10
542 2072 569 2092 c.
592 2072 624 2100 p.
647 2071 718 2103 702.

157 2118 211 2157 (5)
234 2116 322 2147 Ibid.

163 2172 211 2212 (4)
236 2171 325 2201 Diss.
345 2170 383 2200 de
411 2168 638 2209 investigando
666 2167 855 2206 deutoxydo
878 2166 1034 2197 Ara-mici
1052 2187 1060 2204 ,
1078 2166 1227 2197 Heidelb-

123 2225 214 2265 1819.
236 2225 289 2255 cf.
315 2223 550 2259 Brandes,
577 2222 598 2251 Ι.
625 2232 652 2251 e.
677 2231 709 2260 p·
732 2232 802 2269 279.

161 2278 219 2318 (5)
241 2277 473 2314 Brandes,
496 2276 577 2307 ibid.
