1487 2625
475 197 886 240 cnemtcm
1206 219 1250 255 π

133 314 255 345 natur.
330 306 490 356 Quando
521 307 591 345 sub
628 308 754 346 iisdem
796 310 1108 356 circumstantiis,
1164 316 1248 352 luco

133 386 351 425 permagnae
369 377 584 423 quantitatis
606 378 807 425 Creosoffi,
839 392 1030 428 pei-magua
1055 384 1143 419 acii}
1175 386 1250 422 sub

130 445 279 494 phurici
309 447 497 494 quantitas
528 447 750 495 adhibetur,
786 450 1008 487 Creosotum
1044 453 1244 500 decompo-

132 523 268 562 netur;
322 516 402 564 ipsa
445 524 564 554 autem
615 519 763 556 miscela
811 521 999 567 spumabit
1037 533 1072 559 et
1092 524 1250 561 'tandem'

128 585 450 633 consolidabitur,
484 588 570 624 dum
602 599 646 625 ex
680 599 720 626 ea
750 584 938 628 evolvitur
983 602 1044 639 gas
1086 593 1251 631 Acidum

131 655 417 704 sulphurosum.
443 657 556 696 Actio
582 657 676 695 acidi
699 659 822 696 uitrici
849 660 886 697 in
919 662 1148 699 Creosoturn
1175 664 1247 701 dif-

129 724 201 763 fert
221 726 425 765 secundum
438 726 538 765 illius
555 729 702 775 pondus
727 740 829 776 spec.
858 730 997 778 Injecta
1014 741 1115 778 gutta
1131 732 1252 770 Creo-¹

85 794 90 798 ’
129 794 206 832 soti
240 807 255 833 1
275 806 372 844 ,230
399 796 515 844 pond.
542 808 644 844 spec.
665 797 703 834 in
726 798 952 836 Creosotum
971 828 983 845 ‚
1010 801 1129 838 oritur
1161 799 1248 839 evo-²

130 864 226 902 lutio
250 866 381 903 caloris
399 894 411 913 ‚
439 877 618 914 vaporum
647 866 813 904 ruforum
842 868 938 916 gasis
966 870 1058 906 acidi
1090 871 1248 918 nitrosi5

131 936 218 973 dum
247 935 374 983 liquor
400 946 541 975 maneat
568 937 744 984 limpidus
761 966 773 984 ‚
802 940 866 976 sed
892 940 1160 979 rubro-flavum
1187 954 1244 979 ac-

129 1004 241 1052 cipiat
273 1005 454 1043 colorem.
509 1006 548 1044 Si
570 1018 657 1043 vero
679 1007 876 1044 adhibetur
902 1009 1045 1046 acidum
1071 1011 1248 1048 niti-icum·

129 1072 277 1111 fumans
315 1083 447 1122 1‚450
483 1075 598 1122 pond.
646 1087 779 1123 spec.‚
820 1078 1044 1115 Creosotum
1084 1081 1246 1118 solvitur

129 1143 201 1182 sub
234 1143 441 1182 vehementi
468 1143 710 1182 calefactione
749 1155 785 1183 et
821 1149 1037 1185 evolutione
1063 1139 1255 1196 vaporum*

128 1213 324 1260 ruforum,
352 1215 438 1251 dum
475 1214 599 1260 liquor
627 1215 663 1251 in
693 1217 865 1254 Creosoti
904 1218 1106 1263 quantitate
1145 1220 1246 1267 vige-

130 1282 202 1320 sies
238 1283 402 1331 majore,
443 1283 666 1331 agitatione,
715 1285 924 1322 brunneum
955 1287 1115 1324 colorem
1151 1289 1246 1326 acci-

129 1363 216 1400 pere
250 1353 376 1399 solet‚
404 1353 467 1390 sed
495 1341 629 1390 tamen·
648 1355 855 1400 pelludicus
899 1365 1031 1393 manet.
1096 1357 1244 1406 Quodsi

129 1430 258 1460 contra
282 1431 386 1471 gutta
416 1422 593 1460 Creosoti
627 1423 788 1472 injicitur
818 1426 854 1460 in
891 1426 1031 1462 acidum
1067 1427 1239 1464 nitricum'

133 1502 262 1540 1.,230
294 1491 412 1538 pond.
449 1502 553 1539 spec.
593 1491 741 1528 miscela
778 1492 1047 1540 nigro-brunea
1084 1494 1154 1540 fit,
1205 1505 1242 1532 et

128 1562 264 1608 densa,
292 1560 419 1609 prouti
447 1570 693 1608 unguentum.
724 1562 760 1599 Si
788 1573 875 1610 vero
901 1563 1040 1600 acidum
1068 1565 1239 1601 uitricum

129 1631 180 1668 sit
218 1643 349 1680 1‚450
372 1632 487 1678 pond.
514 1642 617 1678 spec.
645 1639 746 1668 tactu
778 1632 897 1668 oritur
928 1644 1054 1679 magna
1083 1634 1239 1680 liquoris

130 1701 292 1739 saltatio.
327 1701 366 1739 Si
395 1702 566 1748 aequales
596 1710 713 1748 partes
739 1703 830 1739 acidi
855 1702 973 1739 uitrici
1002 1712 1036 1739 et
1064 1704 1239 1741 Creosoti

129 1770 440 1816 commiscentur,
456 1770 566 1809 sortis
579 1772 746 1808 evolutio
763 1772 894 1808 caloris
908 1782 945 1808 et
960 1772 1063 1809 densi
1079 1784 1236 1820 vapores

129 1841 199 1879 rufi
224 1841 422 1887 oriuntur,
438 1841 502 1887 qui
523 1853 589 1889 per
613 1850 730 1878 totum
760 1843 936 1878 conclave
961 1842 1236 1880 diffunduntur.

179 1911 336 1949 Acidum
372 1911 663 1958 phosphoricnm
705 1922 836 1958 1‚135
877 1912 991 1957 pond.
1032 1923 1135 1957 spec.
1183 1934 1238 1941 —

130 1981 253 2029 Hujus
296 1980 330 2017 si
372 1991 444 2017 una
491 1991 574 2027 pars
624 1991 706 2017 cum
764 1992 808 2026 3³
856 1981 1025 2027 partibus
1074 1975 1239 2020 Cteo‘so⁴

130 2051 160 2088 ti
197 2050 310 2088 calori
358 2059 588 2098 exponatur,
643 2050 712 2086 hoc
764 2050 800 2086 in
842 2062 886 2087 eo
929 2051 1114 2098 solvitur3
1173 2053 1236 2088 sed

131 2121 279 2159 miscela
324 2119 513 2169 refrigerio
566 2119 607 2156 fit
652 2121 766 2157 lactea
788 2147 801 2165 ‚
866 2121 949 2157 dum
1004 2132 1089 2167 pars
1143 2121 1236 2158 acidi

133 2199 333 2239 separatur.
400 2189 589 2228 Adhibitis
633 2200 751 2226 autem
794 2202 838 2239 30
869 2191 1037 2237 partibus
1073 2191 1164 2228 acidi
1203 2202 1238 2228 et

135 2271 204 2298 una
245 2269 346 2308 parte
390 2260 594 2308 Creosoti,
648 2260 768 2297 eadem
812 2261 1061 2308 phaenomena
1115 2261 1242 2298 oriun-

1144 2340 1204 2368 tur
1231 2359 1242 2370 ,
