1487 2625
272 203 322 246 46
498 198 1168 241 COMMENTATIO

270 318 347 344 non
393 307 536 354 quidem
573 307 612 343 in
646 307 876 353 putredinem
915 310 1094 358 abiba-nt,
1134 315 1228 362 sed,
1267 325 1373 354 manu

274 386 368 414 tacta
384 405 395 423 ,
423 375 543 413 form-51
567 376 818 415 mutabantur.

761 560 792 601 ἓ·
847 566 882 602 3·

366 719 425 757 De
447 719 606 758 Creosoti
633 719 811 756 relatione
838 717 892 755 ad
912 726 1069 768 corpora
1094 717 1276 767 simplicia

722 787 923 826 metallica.

317 948 543 988 Potassium.
595 947 714 985 Simul
751 957 791 984 ac
825 946 941 984 hocce
972 956 1111 994 corpus
1142 945 1181 983 in
1202 930 1376 984 Contactu

265 1027 425 1068 ponatur
458 1029 545 1056 cum
581 1017 770 1055 Creosoto
784 1015 806 1062 ,⁵
838 1015 958 1053 oritur
995 1015 1164 1054 evolutio
1193 1015 1378 1053 bullarum

265 1091 480 1133 aerearum,
523 1087 608 1123 dum
647 1085 853 1133 potassium
896 1092 1061 1123 mutetur
1099 1084 1137 1122 in
1175 1093 1377 1132 potassatn.

267 1156 367 1195 Haec
404 1155 559 1204 potassii
592 1154 630 1192 in
668 1156 894 1194 Creosotum
931 1153 1029 1192 actio
1077 1163 1233 1201 augetur
1265 1154 1382 1202 inpri-

266 1225 367 1273 mis,
405 1225 436 1263 εἰ
473 1225 698 1263 Creosotum
733 1224 839 1272 prius
868 1224 920 1261 sit
956 1221 1173 1261 calefactum
1188 1221 1207 1270 ‚⁷
1229 1234 1305 1271 quo
1337 1223 1381 1262 fit

265 1302 309 1332 ut
345 1294 447 1340 hoc,
475 1292 776 1341 refrigeratione,
817 1293 956 1330 densus
986 1293 1116 1330 existat
1150 1292 1304 1341 liquor,
1330 1292 1380 1331 ita

265 1364 414 1412 quidem
451 1374 493 1401 ut
527 1363 566 1400 in
593 1363 653 1401 fila
678 1363 772 1400 trahi
807 1362 945 1411 possit.
999 1362 1106 1412 Quae
1132 1361 1296 1411 operatio
1323 1362 1380 1400 in-

264 1434 451 1472 stituenda
486 1443 542 1471 est
583 1434 621 1470 in
668 1446 729 1482 gas
767 1431 1028 1482 hydrogenio,
1074 1432 1159 1480 quia
1201 1433 1377 1481 miscela,

264 1505 357 1544 aeris
396 1504 585 1542 contactui
621 1504 820 1551 exposita,
861 1503 1069 1540 brunneum
1098 1503 1232 1550 accipit
1274 1503 1378 1541 colo-

266 1585 358 1613 rem.
433 1575 581 1623 Quodsi
622 1583 743 1611 autem
784 1573 871 1610 haec
917 1581 1093 1621 potassae
1134 1580 1170 1610 et
1199 1572 1378 1611 Creosoti

265 1631 414 1682 miscela
445 1645 664 1681 condensata
704 1643 742 1680 in
780 1652 952 1680 retortam
989 1643 1141 1680 vitream
1168 1642 1378 1692 injiciatur,

265 1712 349 1752 dein
373 1725 461 1751 vero
493 1713 700 1750 destilletur
722 1742 733 1760 ‚
765 1725 874 1751 omne
908 1712 983 1750 fere
1009 1712 1234 1751 Creosotum
1261 1712 1299 1750 in
1324 1724 1381 1751 re·

265 1782 425 1830 cipiente
459 1782 684 1829 acquiritur,
720 1784 806 1821 dum
846 1784 883 1820 in
921 1791 1058 1820 retorta
1099 1786 1227 1830 parum
1259 1783 1378 1822 Creo-

265 1854 338 1889 soti
359 1864 442 1891 cum
470 1861 620 1900 potassa
645 1853 836 1902 conjuncti
861 1861 1068 1900 remaneat,
1099 1854 1202 1900 quod
1225 1847 1371 1900 tamen,

264 1925 510 1969 temperatura
533 1922 756 1960 sufficienter
775 1925 914 1961 elevat-:1
930 1950 942 1969 ,
967 1920 1250 1961 carbonisatu'r.'
1269 1910 1375 1962 Hanc

265 1992 515 2040 operationem
551 1992 923 2030 Reichenbach
951 1993 1097 2041 saepius
1135 1992 1305 2041 repetiit,
1343 2001 1378 2030 et

266 2071 411 2110 semper
447 2062 574 2099 eodem
615 2073 808 2100 successu.

313 2130 568 2184 Adscribenda
596 2141 655 2169 est
678 2133 765 2169 haec
794 2131 998 2179 oxydatm,
1028 2140 1068 2168 ut
1106 2131 1194 2168 mihi
1230 2130 1377 2177 quidem
1435 2157 1439 2162 «

265 2201 435 2247 videtur,
463 2212 602 2248 aquae,
631 2212 775 2248 semper
810 2212 893 2238 cum
920 2200 1107 2238 Creosoto
1131 2199 1375 2251 conju-nctae3

267 2271 438 2317 quocirca
471 2271 633 2307 bullulae
665 2274 810 2315 aereae,
841 2270 1035 2315 evolutae,
1064 2269 1214 2306 durante
1238 2270 1380 2306 actione

1311 2350 1376 2387 ps)-
