1487 2625
477 171 859 219 ORATIO.
1175 172 1221 209 11

120 327 212 357 cum
251 311 295 354 id
343 325 391 353 ex
431 323 476 353 re
520 307 816 368 Universitatis
866 319 954 348 esse
995 302 1229 354 videretur,

119 389 309 434 resistere
325 419 336 441 ‚
352 374 656 430 sustinuerunt:
682 382 829 428 eximia
860 395 1048 439 quaeque
1072 386 1231 424 exstant

120 466 165 509 in
207 462 422 509 Leidensis
465 460 699 505 academiae
729 458 948 503 annalibus
981 457 1229 501 testimonia.

125 538 268 587 Unum
306 538 572 597 hujusmodi,
616 537 730 594 quod
761 551 880 580 rarae
922 536 965 578 in
996 534 1141 592 primis
1181 534 1236 576 li-

124 617 300 662 bertatis
320 613 863 675 est‚patientibus'Vobis‚
894 610 1083 656 afferam.
1116 611 1238 655 Haud

127 695 215 743 scio
242 694 350 738 enim
377 708 430 736 an
454 692 583 736 simile
609 691 694 734 sive
730 689 850 748 apud*
881 702 985 742 nOS,
1012 688 1096 732 sive
1125 688 1238 747 apud

129 779 314 824 exteros,
345 777 557 828 repertum
586 769 638 812 sit
659 768 829 811 nullum.

184 849 448 894 Vocaveirant
490 846 662 890 Leidam
707 844 958 895 Curatores,
1004 848 1049 885 ut
1089 855 1240 884 novam

132 925 387 971 academiam
421 924 532 967 notis
571 921 807 966 nominihus
851 907 1052 963 ornarent
1086 916 1243 961 sollici-

132 1003 192 1057 ti,
240 1002 458 1060 Hugonem
502 1000 738 1044 Donellum.
819 997 898 1041 Hic
939 996 1029 1049 vir,
1079 994 1246 1038 minime

137 1079 303 1137 quidem
333 1076 642 1137 comparandus
674 1075 834 1118 aemulo
859 1087 935 1116 suo
965 1062 1136 1116 summe
1159 1069 1248 1113 Cu-

139 1157 273 1214 jacio,
331 1156 467 1199 clarus
496 1161 635 1196 tamen
664 1158 751 1195 erat
777 1149 962 1194 Duareni
994 1148 1220 1207 discipulus
1237 1179 1248 1199 ‚

138 1233 222 1290 jam
265 1230 574 1290 perspicuitatis
615 1236 654 1273 et
694 1227 916 1285 elegantiae
953 1226 1100 1278 laude,
1144 1240 1253 1284 pos-

141 1318 291 1367 teaque
331 1313 439 1353 nova
480 1308 641 1351 ratione
679 1321 762 1363 qua
803 1306 867 1362 jus
901 1303 1015 1347 civi}e
1048 1303 1092 1346 in
1123 1309 1251 1346 artem

144 1385 326 1445 redegit,
368 1385 694 1429 commendatus.
757 1383 877 1426 Hunc
903 1381 1026 1440 igitur
1048 1381 1091 1424 in
1118 1380 1255 1439 pretio

146 1462 397 1520 aliquamdiu
444 1461 711 1512 habuerunt,
765 1472 997 1516 magnaque
1041 1457 1256 1500 coluerunt

146 1539 423 1585 observantia.
485 1539 638 1581 Verum
667 1536 960 1595 cumprimum
992 1534 1256 1577 Leicestren-

148 1617 183 1661 si
221 1615 391 1659 factioni
427 1630 471 1659 se
505 1614 775 1672 mancipare,
808 1620 849 1656 et
878 1611 921 1655 in
955 1611 1255 1670 rempublicam

129 1693 370 1756 'conjurare
402 1692 661 1744 instituerat,
694 1704 780 1734 non
810 1688 928 1733 citius
955 1688 1164 1746 cognitum
1197 1694 1259 1730 est

149 1769 232 1812 hoc
262 1784 386 1825 quam
417 1768 618 1812 Doneilus
650 1768 746 1810 loco
771 1772 954 1810 remotus
989 1772 1080 1808 ests
1124 1763 1262 1807 Nimi-

81 1848 88 1853 ’
149 1852 243 1889 rum
290 1846 490 1889 Batavam
535 1844 785 1902 juventutem
826 1857 850 1885 a
884 1841 1060 1885 factioso
1092 1839 1261 1884 homine

150 1924 242 1982 jura
281 1922 425 1966 doceri
458 1923 551 1980 plus
586 1936 710 1978 quam
742 1919 883 1963 inutile
912 1918 1141 1962 videbatur.
1172 1917 1261 1960 Ve-

151 2016 244 2060 rum
289 1998 541 2043 admiremur
580 1997 623 2040 in
669 1995 942 2039 Curatoribus
991 1993 1117 2037 animi
1157 2006 1298 2036 con-²

155 2077 364 2122 stantiam.
395 2075 448 2119 Hi
474 2089 608 2131 neque
620 2072 787 2135 Denelli
799 2070 1021 2130 precibus,
1043 2085 1176 2127 neque
1195 2084 1266 2113 se-

155 2162 278 2199 natus
292 2151 520 2198 academici
548 2148 869 2209 deprecatione,
899 2138 1034 2203 neque
1057 2141 1263 2191 Ordinum

159 2230 431 2283 auctoritate,
463 2243 604 2285 nequex
637 2225 882 2276 Leistrensis
919 2223 1091 2268 Comitis
1118 2229 1265 2281 potes-
