1487 2625
239 182 293 230 36
470 179 1130 221 COMMENTATIO

730 309 763 358 §.
801 327 859 353 10.

295 416 492 465 Expositis
528 417 671 466 signis,
720 429 812 464 quae
851 428 894 454 ex
929 417 1110 455 Arsenico
1147 416 1363 454 ventriculo·
1405 427 1408 431 ·

246 482 389 535 ingesto
418 487 617 536 oriuntur3
634 487 804 534 sequitur
821 514 833 533 ‚
871 495 913 523 ut
941 487 1070 534 paucis
1099 487 1288 524 videamus
1314 486 1359 523 de

245 557 347 602 illis,
378 569 472 604 quae
496 568 544 595 ex
568 558 649 608 eius
677 556 923 605 inspiratione
950 566 1072 593 ortum
1100 556 1255 594 ducunt.

294 627 456 665 Primum
506 636 716 676 symptoma
782 626 931 664 exhibet
983 624 1178 673 respiratio
1232 623 1360 662 subito

248 697 461 736 difficillima
501 707 537 735 et
581 695 867 736 suffocationem
907 696 1078 734 minitans
1115 695 1198 744 (1).
1251 695 1363 732 Brevi

246 776 456 816 sequuntur
470 767 587 806 tussis
602 767 827 813 vehemens,
847 778 931 804 cum
946 767 1075 804 dolore
1091 765 1253 813 pectoris
1268 765 1362 814 (2),
1423 764 1426 768 “

246 850 356 886 q¹uem
384 837 746 886 pneumonorrhagia
780 836 963 874 interdum
989 836 1130 884 excipit
1150 835 1238 884 (3).
1280 834 1368 873 Ori·

246 918 363 946 untur
396 908 544 946 dolores
576 907 783 956 cardialgici
802 935 814 953 ‚
849 917 984 944 nausea
1018 915 1054 943 et
1087 905 1251 944 vomitus
1275 915 1368 943 con-

246 978 420 1016 vulsivus
443 978 534 1025 (4),
559 989 653 1026 quac
677 977 904 1029 comitantur
925 975 1132 1013 abdominis
1151 974 1365 1021 cruciatus,

249 1049 357 1086 a-lvus
382 1047 545 1095 foetida,
572 1047 759 1086 interdum
791 1055 943 1084 cruenta
969 1055 1004 1083 et
1027 1057 1111 1083 cum
1137 1046 1266 1083 dolore
1287 1057 1370 1083 eva-

254 1117 395 1155 cuanda
429 1116 527 1166 (5);
565 1117 704 1165 quibus
744 1118 842 1155 haud
878 1127 959 1153 raro
1001 1115 1141 1153 accedit
1177 1115 1367 1163 sanguinis

250 1187 384 1225 mictus
400 1216 413 1234 ,
449 1188 566 1225 sudor
586 1186 746 1235 frigidus
761 1215 774 1232 .,
803 1195 839 1224 et
863 1187 980 1224 totius
1005 1186 1176 1234 corporis
1201 1194 1370 1223 contrac-

250 1257 304 1295 tio
329 1258 416 1306 (6).
471 1257 558 1296 Oris
596 1266 631 1296 et
665 1257 829 1295 faucium
866 1256 1060 1303 siccitate,
1099 1256 1241 1304 sitique
1268 1256 1371 1293 inex·

252 1328 408 1376 plebili,
434 1328 601 1380 singultu
628 1328 828 1375 cordisque
855 1326 1163 1376 palpitationibus
1191 1335 1372 1373 torque-n-

248 1408 311 1436 tur
338 1398 460 1436 miseri
485 1399 582 1448 (7),
614 1397 840 1446 cephalalgia
871 1406 908 1434 et
939 1396 1120 1445 vertigine
1150 1395 1300 1441 affecti,
1326 1395 1370 1432 li-
1403 1381 1407 1382 ⁷

249 1469 415 1517 betaque
451 1469 586 1506 mentis
623 1469 768 1507 actione
806 1467 903 1506 haud
946 1478 1026 1504 raro
1071 1466 1240 1504 destituti
1280 1465 1365 1514 (8).

1266 1534 1372 1573 Ocu-

293 1609 341 1648 (Ξ)
373 1607 596 1638 Greiselii
638 1607 762 1637 Metalli
795 1606 979 1636 fodinarum
1019 1605 1261 1643 praecipuarum
1303 1603 1374 1633 Bo-

252 1661 375 1690 hemian
412 1661 641 1700 pet-lustratio:
685 1662 719 1689 in
750 1659 896 1690 Miscell.
937 1661 1020 1689 Nat.
1058 1660 1188 1688 Curios.
1225 1657 1305 1687 Dec.
1341 1657 1370 1688 l.

254 1726 334 1744 anno
356 1727 386 1746 2.
413 1715 543 1746 observ.
564 1716 615 1755 78.
642 1725 673 1753 p.
702 1715 772 1754 149.

295 1769 343 1807 (2)
376 1767 598 1803 Suerman,
639 1768 660 1797 Ι.
689 1778 717 1796 c.
755 1778 787 1805 p.
817 1767 867 1796 28.
894 1781 930 1787 —
977 1764 1212 1801 Hufeland,
1249 1765 1370 1794 Journ-

253 1821 291 1851 Β.
316 1821 444 1851 LXIV.
468 1821 518 1850 St.
542 1833 570 1852 2.
592 1832 625 1860 p.
647 1821 698 1851 14.
1334 1815 1341 1823 N

295 1875 343 1914 (5)
377 1874 544 1904 Gmelin
559 1895 567 1910 ‚
611 1873 758 1914 Allgem.
798 1872 992 1902 Gesclziclzte
1025 1873 1084 1901 der
1125 1872 1230 1914 Gtste.
1277 1872 1368 1903 1806.

253 1940 284 1968 p.
307 1939 376 1969 219.

297 1983 344 2023 (4)
371 1983 398 2010 H
411 1980 602 2017 ufelaud‚
630 1981 750 2010 Journ.
785 1979 817 2008 Β.
841 1975 991 2009 LXXII.
1016 1978 1066 2008 St.
1088 1977 1119 2008 5.
1141 1989 1173 2017 p.
1197 1978 1266 2008 135.

296 2036 342 2075 (5)
369 2034 558 2069 Gmeiin,
586 2033 666 2062 ibid.

296 2090 344 2127 (6)
373 2089 392 2117 B
404 2100 422 2117 o
433 2099 448 2117 e
460 2099 475 2117 r
487 2088 504 2116 h
518 2098 531 2116 a
545 2098 558 2115 a
570 2099 588 2116 v
599 2099 614 2116 c
627 2109 635 2122 ‚
654 2088 690 2116 de
705 2086 807 2116 morb.
822 2097 908 2115 nerv.
925 2085 1018 2115 Tom.
1034 2085 1060 2114 I.
1075 2095 1107 2122 p.
1122 2084 1193 2115 244.
1214 2084 1309 2115 Tom.
1325 2085 1371 2115 II.

252 2153 284 2181 p.
308 2141 379 2172 452.
401 2152 467 2180 seq.
490 2140 532 2169 L.
552 2140 585 2170 B.
605 2141 694 2179 1761.
709 2157 744 2163 -
769 2138 983 2168 Huseland
999 2159 1007 2175 ,
1035 2137 1116 2167 ibid.

298 2196 345 2235 (7)
371 2194 590 2230 Suernffin,
620 2194 699 2223 ibid.
727 2211 764 2217 -
807 2191 997 2228 Gmelin,
1024 2190 1107 2220 ibid.

297 2251 345 2289 (8)
371 2249 427 2278 De
456 2247 586 2286 Bruyn
601 2269 610 2283 ‚
644 2248 737 2277 Diss.
754 2247 793 2275 (Ie
807 2246 982 2276 Arsenico.
1009 2243 1140 2274 Leidae.
1165 2244 1302 2283 1814·p.
1319 2254 1373 2275 22·

251 2310 282 2334 et
307 2304 352 2332 ibi
381 2298 536 2331 Plenek
553 2322 561 2336 ,
595 2300 811 2340 Toxicologia
828 2320 836 2334 ‚
860 2310 891 2337 p.
909 2299 978 2330 316.
1001 2297 1145 2329 Viennae
1165 2297 1254 2339 1783.
