1487 2625
244 236 292 261 20
472 215 1126 285 C'OMMENTATIO

300 330 397 367 Haec
451 330 727 378 Sophistae
774 333 926 370 maxima
975 345 1057 371 cum
1096 334 1344 373 ostentatione

248 400 442 437 docebant.
477 401 545 454 ‚Se
568 401 735 439 dicebant
763 402 945 441 Graeciae
970 405 1221 452 institutores,
1258 417 1344 453 pro-

244 469 443 507 fitebantur
480 481 604 507 eorum
649 472 851 517 nonnulli,
895 483 936 509 se
971 476 1097 521 ἀρετὴν
1133 477 1345 522 παραδοῦναι

247 538 418 579 κάλλιστ’
454 541 635 589 ἀνθρώπων
675 543 733 581 καὶ
772 543 952 590 τάχιστοι.
1008 541 1056 579 Se
1085 541 1156 589 ipsi
1194 542 1348 580 maxime

245 608 541 656 admirabantur,
569 619 604 647 et
629 610 780 648 mirifice
804 611 988 658 sapientes
1014 611 1224 658 habebant„
1262 623 1348 650 cum

246 678 385 715 scilicet
437 691 477 716 se
528 680 742 718 liberassent
794 682 839 718 ab
881 681 1054 719 omnibus
1092 681 1165 728 iis,
1210 682 1348 729 quibus

246 747 415 786 homines
458 751 584 796 ἔυήθεις
618 759 654 787 et
688 752 840 800 ἄγροικοι
875 762 915 788 se
954 750 1085 788 vinciri
1117 758 1154 788 et
1187 752 1350 790 coerceri

244 816 421 855 sinerent.
473 818 553 855 Nec
584 826 724 855 tantum
761 831 781 856 a
817 831 856 856 se
885 819 1002 867 ipsis,
1032 820 1096 857 sed
1117 828 1152 857 et
1176 831 1196 858 a
1221 820 1347 858 multis

243 887 323 924 aliis
359 887 543 936 sapientes
586 888 839 934 habebantur,
887 890 1068 937 multique
1100 899 1227 928 eorum
1264 901 1348 928 sen-

246 957 378 993 tentias
427 958 633 1004 probabant
693 966 729 995 et
777 958 1029 1006 accipiebant:
1089 971 1221 1008 nempe
1267 960 1350 998 So-

242 1026 432 1073 phistae
457 1027 536 1064 aevi
559 1027 706 1075 ingenio
730 1029 1027 1074 conveniebant,
1062 1041 1106 1067 ex
1131 1041 1251 1076 eoque
1275 1030 1347 1067 orti

242 1105 355 1134 erant.
408 1097 499 1134 Non
541 1105 659 1134 tamen
701 1097 745 1134 ab
782 1097 954 1135 omnibus
993 1099 1040 1135 ita
1068 1098 1342 1146 probabantur:

241 1177 321 1203 nam
355 1166 491 1214 vulgus
525 1177 654 1214 magna
687 1178 731 1204 ex
769 1175 871 1214 parte
905 1167 1120 1204 adhaerebat
1148 1167 1343 1205 etiamnum

240 1236 408 1281 religioni
449 1248 535 1274 suae
576 1245 611 1273 et
644 1236 761 1273 avitae
794 1248 936 1273 morum
974 1236 1200 1284 integritati:
1243 1237 1345 1284 quod

241 1305 373 1343 docent
412 1306 606 1343 Prodici
662 1306 893 1352 aliorumque
930 1307 1138 1353 ἐπιδείξεις,
1175 1305 1342 1352 quibus,

239 1379 283 1416 ad
319 1378 422 1425 vulgi
455 1378 604 1426 gratiam
643 1378 885 1425 captandam,
928 1375 1074 1413 virtutis
1099 1375 1223 1413 laudes
1249 1374 1344 1413 cele·

241 1447 421 1494 brabant3
476 1455 552 1484 tuin
589 1455 625 1484 et
660 1446 808 1484 exilium
852 1447 1138 1494 Protagorae
1177 1453 1213 1482 et
1252 1455 1342 1481 con-

237 1517 421 1554 demnatio
443 1517 685 1562 Socratis,
725 1528 831 1563 quem
862 1515 1048 1566 Sophistac
1074 1514 1247 1560 nomine,
1276 1513 1341 1560 qui

226 1588 378 1638 juvenes
405 1595 683 1636 corrumperet,
721 1595 756 1622 et
791 1587 936 1635 patrios
963 1585 1058 1621 Deos
1088 1597 1157 1621 non
1181 1584 1339 1628 coleret,

236 1657 378 1701 populo
405 1667 554 1691 exosum
582 1655 808 1692 reddiderant
835 1655 914 1702 ejus
939 1654 1090 1692 inimici.

286 1723 389 1760 Talis
415 1733 488 1759 erat
512 1735 629 1760 rerum
656 1709 849 1769 conditio,
875 1735 957 1760 cum
983 1723 1154 1760 existeret
1177 1723 1340 1760 Socra-

235 1801 316 1829 tes,
391 1794 478 1841 Jure
522 1792 581 1829 hic
632 1794 728 1839 apud
765 1793 1001 1830 Platonem
1042 1804 1080 1830 se
1119 1793 1334 1840 praedicat,

232 1862 407 1899 divinitus
453 1862 731 1899 Amanicas-ibas
768 1873 1016 1907 concessum,
1054 1870 1094 1899 ut
1125 1873 1187 1898 eos
1211 1874 1232 1899 a
1255 1873 1338 1910 per-

231 1931 382 1968 niciosis
407 1930 479 1967 illis
514 1931 794 1977 vitiis‘liberet,
830 1939 865 1967 et
899 1932 1111 1979 populum,
1150 1941 1334 1979 tamquam

230 2013 362 2047 equum
387 2012 582 2048 generosae
607 2000 741 2037 indolis
757 2031 768 2048 ,
797 2002 860 2038 sed
883 2000 1125 2047 indomitum,
1152 2004 1332 2039 coerceat.

1232 2070 1330 2107 Nam

228 2147 247 2165 ³)
269 2144 373 2168 rantes
390 2161 397 2174 ‚
435 2139 571 2168 hominis
597 2144 741 2168 naturam
768 2138 919 2168 moralem
937 2160 945 2173 ,
982 2138 1163 2167 aeternitati
1189 2137 1332 2166 destina-

227 2200 245 2217 »
271 2196 329 2220 tam
348 2214 355 2226 ‚
380 2202 441 2220 non
469 2191 694 2229 explicarunt,
718 2192 771 2221 sed
797 2193 1009 2221 obscurarunt
1032 2190 1205 2229 prorsus,”
1221 2189 1331 2220 -haec

225 2244 416 2273 verbotenus
447 2244 479 2272 in
518 2243 746 2282 Sophistas
780 2245 951 2284 quadrant.
991 2244 1128 2274 Pulchre
1157 2244 1332 2282 Sophis—

225 2301 352 2325 turum
376 2296 573 2330 doctrinam,
598 2307 661 2336 quo
682 2298 730 2326 sni
752 2298 819 2327 aevi
845 2297 1055 2337 philosophos
1077 2298 1325 2337 perstringeret,

225 2348 369 2386 exposuit
392 2348 584 2378 VVielnnd
604 2370 612 2386 ,
644 2350 801 2389 Agathou
825 2350 860 2380 Β,
885 2351 931 2380 ΙΙ.
