<?xml version="1.0" encoding="UTF-8"?>
<!DOCTYPE html PUBLIC "-//W3C//DTD XHTML 1.0 Transitional//EN"
    "http://www.w3.org/TR/xhtml1/DTD/xhtml1-transitional.dtd">
<html xmlns="http://www.w3.org/1999/xhtml" xml:lang="en" lang="en">
 <head>
  <title>
</title>
<meta http-equiv="Content-Type" content="text/html;charset=utf-8" />
  <meta name='ocr-system' content='tesseract 3.04.00' />
  <meta name='ocr-capabilities' content='ocr_page ocr_carea ocr_par ocr_line ocrx_word'/>
</head>
<body>
  <div class='ocr_page' id='page_1' title='image "annalesacademiae35rhen_0370.png"; bbox 0 0 2912 4368; ppageno 0'>
   <div class='ocr_carea' id='block_1_1' title="bbox 1266 1117 2147 1160">
    <p class='ocr_par' dir='ltr' id='par_1_1' title="bbox 1266 1117 2147 1160">
     <span class='ocr_line' id='line_1_1' title="bbox 1266 1117 2147 1160; baseline -0.007 0"><span class='ocrx_word' id='word_1_1' title='bbox 1266 1135 1313 1160; x_wconf 80' lang='lat'>22</span> <span class='ocrx_word' id='word_1_2' title='bbox 1497 1117 2147 1158; x_wconf 77' lang='lat' dir='ltr'><strong>COMMENTATIO</strong></span> 
     </span>
    </p>
   </div>
   <div class='ocr_carea' id='block_1_2' title="bbox 1264 1227 2366 1275">
    <p class='ocr_par' dir='ltr' id='par_1_2' title="bbox 1264 1227 2366 1275">
     <span class='ocr_line' id='line_1_2' title="bbox 1264 1227 2366 1275; baseline -0.003 -9"><span class='ocrx_word' id='word_1_3' title='bbox 1264 1238 1347 1273; x_wconf 84' lang='lat' dir='ltr'>ret,</span> <span class='ocrx_word' id='word_1_4' title='bbox 1376 1229 1531 1264; x_wconf 81' lang='lat' dir='ltr'>multum</span> <span class='ocrx_word' id='word_1_5' title='bbox 1557 1227 1716 1265; x_wconf 89' lang='lat' dir='ltr'>contulit</span> <span class='ocrx_word' id='word_1_6' title='bbox 1744 1228 1856 1264; x_wconf 87' lang='lat' dir='ltr'>sortis</span> <span class='ocrx_word' id='word_1_7' title='bbox 1882 1229 1958 1275; x_wconf 84' lang='lat' dir='ltr'>ejus</span> <span class='ocrx_word' id='word_1_8' title='bbox 1989 1227 2093 1263; x_wconf 86' lang='lat' dir='ltr'>ratio.</span> <span class='ocrx_word' id='word_1_9' title='bbox 2149 1227 2268 1264; x_wconf 88' lang='lat' dir='ltr'>Natus</span> <span class='ocrx_word' id='word_1_10' title='bbox 2292 1236 2366 1263; x_wconf 79' lang='lat' dir='ltr'>erat</span> 
     </span>
    </p>
   </div>
   <div class='ocr_carea' id='block_1_3' title="bbox 1233 1296 2368 3213">
    <p class='ocr_par' dir='ltr' id='par_1_3' title="bbox 1240 1296 2368 2528">
     <span class='ocr_line' id='line_1_3' title="bbox 1262 1296 2368 1346; baseline -0.004 -10"><span class='ocrx_word' id='word_1_11' title='bbox 1262 1297 1477 1346; x_wconf 86' lang='lat' dir='ltr'>parentibus</span> <span class='ocrx_word' id='word_1_12' title='bbox 1517 1297 1763 1344; x_wconf 79' lang='lat' dir='ltr'>pauperibus,</span> <span class='ocrx_word' id='word_1_13' title='bbox 1803 1297 1846 1333; x_wconf 86' lang='lat' dir='ltr'>de</span> <span class='ocrx_word' id='word_1_14' title='bbox 1881 1296 1988 1342; x_wconf 87' lang='lat' dir='ltr'>plebe</span> <span class='ocrx_word' id='word_1_15' title='bbox 2014 1296 2255 1342; x_wconf 75' lang='lat' dir='ltr'>hominibtis3</span> <span class='ocrx_word' id='word_1_16' title='bbox 2298 1296 2368 1332; x_wconf 83' lang='lat' dir='ltr'>ob-</span> 
     </span>
     <span class='ocr_line' id='line_1_4' title="bbox 1261 1365 2362 1412; baseline -0.002 -8"><span class='ocrx_word' id='word_1_17' title='bbox 1261 1378 1366 1404; x_wconf 84' lang='lat' dir='ltr'>scure</span> <span class='ocrx_word' id='word_1_18' title='bbox 1403 1367 1578 1403; x_wconf 81' lang='lat' dir='ltr'>educatus</span> <span class='ocrx_word' id='word_1_19' title='bbox 1620 1377 1704 1412; x_wconf 77' lang='lat' dir='ltr'>est,</span> <span class='ocrx_word' id='word_1_20' title='bbox 1751 1377 1784 1403; x_wconf 87' lang='lat' dir='ltr'>ct</span> <span class='ocrx_word' id='word_1_21' title='bbox 1819 1367 1905 1403; x_wconf 80' lang='lat' dir='ltr'>satis</span> <span class='ocrx_word' id='word_1_22' title='bbox 1941 1366 2003 1402; x_wconf 82' lang='lat' dir='ltr'>diu</span> <span class='ocrx_word' id='word_1_23' title='bbox 2034 1365 2147 1412; x_wconf 74' lang='lat' dir='ltr'>patris</span> <span class='ocrx_word' id='word_1_24' title='bbox 2176 1365 2362 1412; x_wconf 81' lang='lat' dir='ltr'>opificium</span> 
     </span>
     <span class='ocr_line' id='line_1_5' title="bbox 1262 1434 2368 1484; baseline -0.003 -10"><span class='ocrx_word' id='word_1_25' title='bbox 1262 1436 1444 1474; x_wconf 82' lang='lat' dir='ltr'>exercuit.</span> <span class='ocrx_word' id='word_1_26' title='bbox 1493 1435 1591 1473; x_wconf 90' lang='lat' dir='ltr'>Hinc</span> <span class='ocrx_word' id='word_1_27' title='bbox 1618 1435 1755 1473; x_wconf 86' lang='lat' dir='ltr'>factum</span> <span class='ocrx_word' id='word_1_28' title='bbox 1784 1446 1864 1484; x_wconf 91' lang='lat' dir='ltr'>est,</span> <span class='ocrx_word' id='word_1_29' title='bbox 1897 1446 1937 1473; x_wconf 86' lang='lat' dir='ltr'>ut</span> <span class='ocrx_word' id='word_1_30' title='bbox 1963 1445 2038 1472; x_wconf 89' lang='lat' dir='ltr'>non</span> <span class='ocrx_word' id='word_1_31' title='bbox 2060 1434 2368 1472; x_wconf 81' lang='lat' dir='ltr'>contaminaretur</span> 
     </span>
     <span class='ocr_line' id='line_1_6' title="bbox 1257 1503 2366 1553; baseline -0.003 -11"><span class='ocrx_word' id='word_1_32' title='bbox 1257 1505 1465 1542; x_wconf 83' lang='lat' dir='ltr'>animorum</span> <span class='ocrx_word' id='word_1_33' title='bbox 1493 1507 1702 1553; x_wconf 83' lang='lat' dir='ltr'>corruptela</span> <span class='ocrx_word' id='word_1_34' title='bbox 1720 1533 1732 1552; x_wconf 90' lang='lat'>‚</span> <span class='ocrx_word' id='word_1_35' title='bbox 1775 1515 1850 1543; x_wconf 87' lang='lat' dir='ltr'>tum</span> <span class='ocrx_word' id='word_1_36' title='bbox 1879 1505 1976 1553; x_wconf 87' lang='lat' dir='ltr'>apud</span> <span class='ocrx_word' id='word_1_37' title='bbox 2007 1503 2183 1540; x_wconf 78' lang='lat' dir='ltr'>cultiores</span> <span class='ocrx_word' id='word_1_38' title='bbox 2211 1503 2366 1540; x_wconf 87' lang='lat' dir='ltr'>invales-</span> 
     </span>
     <span class='ocr_line' id='line_1_7' title="bbox 1255 1574 2366 1621; baseline -0.001 -10"><span class='ocrx_word' id='word_1_39' title='bbox 1255 1583 1386 1611; x_wconf 88' lang='lat' dir='ltr'>cente:</span> <span class='ocrx_word' id='word_1_40' title='bbox 1428 1583 1556 1612; x_wconf 87' lang='lat' dir='ltr'>contra</span> <span class='ocrx_word' id='word_1_41' title='bbox 1589 1586 1698 1621; x_wconf 89' lang='lat' dir='ltr'>cum,</span> <span class='ocrx_word' id='word_1_42' title='bbox 1740 1585 1781 1612; x_wconf 89' lang='lat' dir='ltr'>ut</span> <span class='ocrx_word' id='word_1_43' title='bbox 1808 1576 1917 1613; x_wconf 88' lang='lat' dir='ltr'>modo</span> <span class='ocrx_word' id='word_1_44' title='bbox 1944 1574 2188 1619; x_wconf 87' lang='lat' dir='ltr'>videbamus,</span> <span class='ocrx_word' id='word_1_45' title='bbox 2230 1574 2366 1620; x_wconf 89' lang='lat' dir='ltr'>vulgus</span> 
     </span>
     <span class='ocr_line' id='line_1_8' title="bbox 1256 1644 2365 1692; baseline -0.002 -11"><span class='ocrx_word' id='word_1_46' title='bbox 1256 1644 1465 1681; x_wconf 87' lang='lat' dir='ltr'>adhaereret</span> <span class='ocrx_word' id='word_1_47' title='bbox 1496 1644 1699 1691; x_wconf 83' lang='lat' dir='ltr'>patriorum</span> <span class='ocrx_word' id='word_1_48' title='bbox 1729 1645 1895 1683; x_wconf 85' lang='lat' dir='ltr'>Deorum</span> <span class='ocrx_word' id='word_1_49' title='bbox 1933 1644 2079 1690; x_wconf 83' lang='lat' dir='ltr'>cultui,</span> <span class='ocrx_word' id='word_1_50' title='bbox 2114 1644 2185 1692; x_wconf 87' lang='lat' dir='ltr'>jam</span> <span class='ocrx_word' id='word_1_51' title='bbox 2225 1652 2365 1680; x_wconf 91' lang='lat' dir='ltr'>mature</span> 
     </span>
     <span class='ocr_line' id='line_1_9' title="bbox 1255 1712 2363 1762; baseline -0.003 -12"><span class='ocrx_word' id='word_1_52' title='bbox 1255 1714 1301 1751; x_wconf 81' lang='lat' dir='ltr'>ad</span> <span class='ocrx_word' id='word_1_53' title='bbox 1350 1713 1565 1761; x_wconf 84' lang='lat' dir='ltr'>religionem</span> <span class='ocrx_word' id='word_1_54' title='bbox 1617 1723 1651 1750; x_wconf 87' lang='lat' dir='ltr'>ct</span> <span class='ocrx_word' id='word_1_55' title='bbox 1702 1714 1871 1762; x_wconf 87' lang='lat' dir='ltr'>pietatem</span> <span class='ocrx_word' id='word_1_56' title='bbox 1922 1712 2140 1749; x_wconf 86' lang='lat' dir='ltr'>informatus</span> <span class='ocrx_word' id='word_1_57' title='bbox 2179 1721 2234 1748; x_wconf 88' lang='lat' dir='ltr'>est</span> <span class='ocrx_word' id='word_1_58' title='bbox 2261 1739 2273 1757; x_wconf 90' lang='lat'>,</span> <span class='ocrx_word' id='word_1_59' title='bbox 2327 1719 2363 1748; x_wconf 90' lang='lat' dir='ltr'>et</span> 
     </span>
     <span class='ocr_line' id='line_1_10' title="bbox 1253 1781 2363 1832; baseline -0.001 -13"><span class='ocrx_word' id='word_1_60' title='bbox 1253 1793 1387 1821; x_wconf 81' lang='lat' dir='ltr'>sensus</span> <span class='ocrx_word' id='word_1_61' title='bbox 1427 1784 1507 1831; x_wconf 78' lang='lat' dir='ltr'>ejus</span> <span class='ocrx_word' id='word_1_62' title='bbox 1547 1783 1693 1820; x_wconf 86' lang='lat' dir='ltr'>moralis</span> <span class='ocrx_word' id='word_1_63' title='bbox 1735 1793 1769 1820; x_wconf 86' lang='lat' dir='ltr'>et</span> <span class='ocrx_word' id='word_1_64' title='bbox 1795 1783 1990 1832; x_wconf 84' lang='lat' dir='ltr'>religiosus</span> <span class='ocrx_word' id='word_1_65' title='bbox 2016 1783 2159 1831; x_wconf 83' lang='lat' dir='ltr'>egregie</span> <span class='ocrx_word' id='word_1_66' title='bbox 2183 1794 2222 1821; x_wconf 87' lang='lat' dir='ltr'>se</span> <span class='ocrx_word' id='word_1_67' title='bbox 2246 1781 2363 1830; x_wconf 83' lang='lat' dir='ltr'>expli·</span> 
     </span>
     <span class='ocr_line' id='line_1_11' title="bbox 1254 1851 2361 1902; baseline 0.001 -14"><span class='ocrx_word' id='word_1_68' title='bbox 1254 1851 1347 1890; x_wconf 86' lang='lat' dir='ltr'>cuit.</span> <span class='ocrx_word' id='word_1_69' title='bbox 1403 1852 1500 1891; x_wconf 90' lang='lat' dir='ltr'>Cum</span> <span class='ocrx_word' id='word_1_70' title='bbox 1540 1862 1706 1900; x_wconf 82' lang='lat' dir='ltr'>parentes</span> <span class='ocrx_word' id='word_1_71' title='bbox 1748 1855 1827 1902; x_wconf 82' lang='lat' dir='ltr'>eJ&#39;us</span> <span class='ocrx_word' id='word_1_72' title='bbox 1870 1852 2107 1901; x_wconf 82' lang='lat' dir='ltr'>pauperiores</span> <span class='ocrx_word' id='word_1_73' title='bbox 2132 1862 2283 1898; x_wconf 81' lang='lat' dir='ltr'>essent,</span> <span class='ocrx_word' id='word_1_74' title='bbox 2325 1861 2361 1890; x_wconf 91' lang='lat' dir='ltr'>et</span> 
     </span>
     <span class='ocr_line' id='line_1_12' title="bbox 1252 1920 2357 1972; baseline 0.003 -15"><span class='ocrx_word' id='word_1_75' title='bbox 1252 1920 1335 1968; x_wconf 85' lang='lat' dir='ltr'>ipse</span> <span class='ocrx_word' id='word_1_76' title='bbox 1359 1933 1532 1960; x_wconf 87' lang='lat' dir='ltr'>manuum</span> <span class='ocrx_word' id='word_1_77' title='bbox 1556 1923 1703 1970; x_wconf 85' lang='lat' dir='ltr'>labore,</span> <span class='ocrx_word' id='word_1_78' title='bbox 1732 1924 1851 1971; x_wconf 84' lang='lat' dir='ltr'>primo</span> <span class='ocrx_word' id='word_1_79' title='bbox 1879 1924 2005 1962; x_wconf 86' lang='lat' dir='ltr'>aetatis</span> <span class='ocrx_word' id='word_1_80' title='bbox 2030 1933 2220 1972; x_wconf 88' lang='lat' dir='ltr'>ternpore,</span> <span class='ocrx_word' id='word_1_81' title='bbox 2248 1923 2357 1960; x_wconf 90' lang='lat' dir='ltr'>vitam</span> 
     </span>
     <span class='ocr_line' id='line_1_13' title="bbox 1252 1992 2356 2040; baseline 0.002 -13"><span class='ocrx_word' id='word_1_82' title='bbox 1252 2000 1459 2028; x_wconf 83' lang='lat' dir='ltr'>sustentare</span> <span class='ocrx_word' id='word_1_83' title='bbox 1496 1992 1669 2039; x_wconf 82' lang='lat' dir='ltr'>deberet,</span> <span class='ocrx_word' id='word_1_84' title='bbox 1724 2004 1798 2030; x_wconf 91' lang='lat' dir='ltr'>non</span> <span class='ocrx_word' id='word_1_85' title='bbox 1842 1994 1966 2040; x_wconf 84' lang='lat' dir='ltr'>potuit</span> <span class='ocrx_word' id='word_1_86' title='bbox 2008 1995 2145 2031; x_wconf 83' lang='lat' dir='ltr'>multos</span> <span class='ocrx_word' id='word_1_87' title='bbox 2183 1994 2356 2031; x_wconf 88' lang='lat' dir='ltr'>doctores</span> 
     </span>
     <span class='ocr_line' id='line_1_14' title="bbox 1250 2061 2357 2112; baseline 0.002 -15"><span class='ocrx_word' id='word_1_88' title='bbox 1250 2061 1405 2107; x_wconf 87' lang='lat' dir='ltr'>audire,</span> <span class='ocrx_word' id='word_1_89' title='bbox 1445 2073 1519 2108; x_wconf 89' lang='lat' dir='ltr'>quo</span> <span class='ocrx_word' id='word_1_90' title='bbox 1555 2062 1689 2099; x_wconf 89' lang='lat' dir='ltr'>factum</span> <span class='ocrx_word' id='word_1_91' title='bbox 1717 2072 1797 2108; x_wconf 83' lang='lat' dir='ltr'>est,</span> <span class='ocrx_word' id='word_1_92' title='bbox 1840 2074 1878 2099; x_wconf 86' lang='lat' dir='ltr'>ut</span> <span class='ocrx_word' id='word_1_93' title='bbox 1910 2064 2093 2109; x_wconf 80' lang='lat' dir='ltr'>ingenium</span> <span class='ocrx_word' id='word_1_94' title='bbox 2123 2065 2200 2112; x_wconf 84' lang='lat' dir='ltr'>ejus</span> <span class='ocrx_word' id='word_1_95' title='bbox 2225 2075 2290 2100; x_wconf 89' lang='lat' dir='ltr'>sua</span> <span class='ocrx_word' id='word_1_96' title='bbox 2317 2074 2357 2099; x_wconf 90' lang='lat' dir='ltr'>se</span> 
     </span>
     <span class='ocr_line' id='line_1_15' title="bbox 1249 2129 2353 2178; baseline 0.003 -12"><span class='ocrx_word' id='word_1_97' title='bbox 1249 2129 1393 2167; x_wconf 87' lang='lat' dir='ltr'>ratione</span> <span class='ocrx_word' id='word_1_98' title='bbox 1433 2132 1641 2176; x_wconf 78' lang='lat' dir='ltr'>excoleret,</span> <span class='ocrx_word' id='word_1_99' title='bbox 1680 2143 1779 2168; x_wconf 79' lang='lat' dir='ltr'>suam</span> <span class='ocrx_word' id='word_1_100' title='bbox 1822 2133 1915 2169; x_wconf 84' lang='lat' dir='ltr'>viam</span> <span class='ocrx_word' id='word_1_101' title='bbox 1961 2144 2155 2178; x_wconf 85' lang='lat' dir='ltr'>secutum,</span> <span class='ocrx_word' id='word_1_102' title='bbox 2195 2143 2271 2169; x_wconf 89' lang='lat' dir='ltr'>non</span> <span class='ocrx_word' id='word_1_103' title='bbox 2309 2133 2353 2169; x_wconf 86' lang='lat' dir='ltr'>ab</span> 
     </span>
     <span class='ocr_line' id='line_1_16' title="bbox 1248 2199 2352 2249; baseline 0.003 -13"><span class='ocrx_word' id='word_1_104' title='bbox 1248 2199 1329 2236; x_wconf 84' lang='lat' dir='ltr'>aliis</span> <span class='ocrx_word' id='word_1_105' title='bbox 1372 2200 1537 2237; x_wconf 86' lang='lat' dir='ltr'>ductum.</span> <span class='ocrx_word' id='word_1_106' title='bbox 1623 2202 1779 2238; x_wconf 77' lang='lat' dir='ltr'>Audivit</span> <span class='ocrx_word' id='word_1_107' title='bbox 1827 2203 2026 2238; x_wconf 84' lang='lat' dir='ltr'>nonnullos</span> <span class='ocrx_word' id='word_1_108' title='bbox 2072 2202 2352 2249; x_wconf 82' lang='lat' dir='ltr'>philosophos,</span> 
     </span>
     <span class='ocr_line' id='line_1_17' title="bbox 1248 2268 2349 2320; baseline 0.002 -14"><span class='ocrx_word' id='word_1_109' title='bbox 1248 2268 1345 2306; x_wconf 86' lang='lat' dir='ltr'>forte</span> <span class='ocrx_word' id='word_1_110' title='bbox 1358 2270 1463 2307; x_wconf 88' lang='lat' dir='ltr'>etiam</span> <span class='ocrx_word' id='word_1_111' title='bbox 1483 2271 1724 2320; x_wconf 78' lang='lat' dir='ltr'>Sophistas</span> <span class='ocrx_word' id='word_1_112' title='bbox 1747 2271 1908 2317; x_wconf 81' lang='lat' dir='ltr'>aliquos,</span> <span class='ocrx_word' id='word_1_113' title='bbox 1939 2272 2085 2318; x_wconf 85' lang='lat' dir='ltr'>publice</span> <span class='ocrx_word' id='word_1_114' title='bbox 2099 2271 2349 2319; x_wconf 77' lang='lat' dir='ltr'>disputantes3</span> 
     </span>
     <span class='ocr_line' id='line_1_18' title="bbox 1246 2340 2351 2388; baseline 0.001 -11"><span class='ocrx_word' id='word_1_115' title='bbox 1246 2349 1365 2377; x_wconf 87' lang='lat' dir='ltr'>tamen</span> <span class='ocrx_word' id='word_1_116' title='bbox 1399 2351 1475 2377; x_wconf 91' lang='lat' dir='ltr'>non</span> <span class='ocrx_word' id='word_1_117' title='bbox 1511 2352 1575 2387; x_wconf 86' lang='lat' dir='ltr'>per</span> <span class='ocrx_word' id='word_1_118' title='bbox 1613 2341 1680 2377; x_wconf 84' lang='lat' dir='ltr'>hos</span> <span class='ocrx_word' id='word_1_119' title='bbox 1721 2353 1759 2377; x_wconf 85' lang='lat' dir='ltr'>se</span> <span class='ocrx_word' id='word_1_120' title='bbox 1801 2340 1989 2378; x_wconf 83' lang='lat' dir='ltr'>informari</span> <span class='ocrx_word' id='word_1_121' title='bbox 2027 2341 2141 2386; x_wconf 86' lang='lat' dir='ltr'>sivit,</span> <span class='ocrx_word' id='word_1_122' title='bbox 2181 2342 2245 2378; x_wconf 88' lang='lat' dir='ltr'>sed</span> <span class='ocrx_word' id='word_1_123' title='bbox 2274 2342 2351 2388; x_wconf 90' lang='lat' dir='ltr'>ipse</span> 
     </span>
     <span class='ocr_line' id='line_1_19' title="bbox 1245 2409 2347 2458; baseline 0 -11"><span class='ocrx_word' id='word_1_124' title='bbox 1245 2421 1284 2448; x_wconf 81' lang='lat' dir='ltr'>se</span> <span class='ocrx_word' id='word_1_125' title='bbox 1324 2409 1538 2447; x_wconf 79' lang='lat' dir='ltr'>informavit</span> <span class='ocrx_word' id='word_1_126' title='bbox 1574 2422 1637 2458; x_wconf 88' lang='lat' dir='ltr'>per</span> <span class='ocrx_word' id='word_1_127' title='bbox 1679 2411 1798 2457; x_wconf 81' lang='lat' dir='ltr'>alios,</span> <span class='ocrx_word' id='word_1_128' title='bbox 1843 2420 1881 2448; x_wconf 89' lang='lat' dir='ltr'>ut</span> <span class='ocrx_word' id='word_1_129' title='bbox 1909 2421 2013 2448; x_wconf 88' lang='lat' dir='ltr'>acute</span> <span class='ocrx_word' id='word_1_130' title='bbox 2044 2410 2347 2447; x_wconf 87' lang='lat' dir='ltr'>Tennemann</span> 
     </span>
     <span class='ocr_line' id='line_1_20' title="bbox 1240 2479 1437 2528; baseline 0.005 -12"><span class='ocrx_word' id='word_1_131' title='bbox 1240 2479 1326 2517; x_wconf 82' lang='lat' dir='ltr'>dicit</span> <span class='ocrx_word' id='word_1_132' title='bbox 1353 2480 1437 2528; x_wconf 87' lang='lat'>(1).</span> 
     </span>
    </p>

    <p class='ocr_par' dir='ltr' id='par_1_4' title="bbox 1238 2550 2345 2874">
     <span class='ocr_line' id='line_1_21' title="bbox 1294 2550 2344 2597; baseline 0 -10"><span class='ocrx_word' id='word_1_133' title='bbox 1294 2551 1422 2596; x_wconf 86' lang='lat' dir='ltr'>Cum,</span> <span class='ocrx_word' id='word_1_134' title='bbox 1463 2550 1511 2587; x_wconf 73' lang='lat' dir='ltr'>ita</span> <span class='ocrx_word' id='word_1_135' title='bbox 1537 2550 1783 2593; x_wconf 79' lang='lat' dir='ltr'>informatus,</span> <span class='ocrx_word' id='word_1_136' title='bbox 1826 2550 1919 2586; x_wconf 84' lang='lat' dir='ltr'>inter</span> <span class='ocrx_word' id='word_1_137' title='bbox 1957 2550 2121 2585; x_wconf 83' lang='lat' dir='ltr'>homines</span> <span class='ocrx_word' id='word_1_138' title='bbox 2158 2550 2344 2597; x_wconf 82' lang='lat' dir='ltr'>prodiret,</span> 
     </span>
     <span class='ocr_line' id='line_1_22' title="bbox 1241 2619 2345 2666; baseline 0.002 -11"><span class='ocrx_word' id='word_1_139' title='bbox 1241 2628 1283 2655; x_wconf 85' lang='lat' dir='ltr'>ut</span> <span class='ocrx_word' id='word_1_140' title='bbox 1307 2620 1547 2665; x_wconf 81' lang='lat' dir='ltr'>muneribus,</span> <span class='ocrx_word' id='word_1_141' title='bbox 1591 2631 1682 2665; x_wconf 75' lang='lat' dir='ltr'>quae</span> <span class='ocrx_word' id='word_1_142' title='bbox 1707 2621 1761 2656; x_wconf 75' lang='lat' dir='ltr'>lex</span> <span class='ocrx_word' id='word_1_143' title='bbox 1786 2619 1957 2655; x_wconf 83' lang='lat' dir='ltr'>omnibus</span> <span class='ocrx_word' id='word_1_144' title='bbox 1982 2620 2126 2656; x_wconf 85' lang='lat' dir='ltr'>civibus</span> <span class='ocrx_word' id='word_1_145' title='bbox 2142 2648 2154 2666; x_wconf 84' lang='lat'>,</span> <span class='ocrx_word' id='word_1_146' title='bbox 2190 2621 2234 2657; x_wconf 88' lang='lat' dir='ltr'>ad</span> <span class='ocrx_word' id='word_1_147' title='bbox 2259 2621 2345 2657; x_wconf 88' lang='lat' dir='ltr'>viri·</span> 
     </span>
     <span class='ocr_line' id='line_1_23' title="bbox 1238 2689 2342 2738; baseline 0.003 -13"><span class='ocrx_word' id='word_1_148' title='bbox 1238 2689 1308 2725; x_wconf 79' lang='lat' dir='ltr'>lem</span> <span class='ocrx_word' id='word_1_149' title='bbox 1360 2697 1510 2725; x_wconf 82' lang='lat' dir='ltr'>aetatem</span> <span class='ocrx_word' id='word_1_150' title='bbox 1562 2690 1767 2736; x_wconf 74' lang='lat' dir='ltr'>progressis</span> <span class='ocrx_word' id='word_1_151' title='bbox 1787 2717 1798 2735; x_wconf 87' lang='lat'>,</span> <span class='ocrx_word' id='word_1_152' title='bbox 1852 2692 2056 2737; x_wconf 80' lang='lat' dir='ltr'>peragenda</span> <span class='ocrx_word' id='word_1_153' title='bbox 2103 2689 2342 2738; x_wconf 82' lang='lat' dir='ltr'>imponebat,</span> 
     </span>
     <span class='ocr_line' id='line_1_24' title="bbox 1238 2757 2342 2809; baseline 0.005 -15"><span class='ocrx_word' id='word_1_154' title='bbox 1238 2757 1480 2805; x_wconf 78' lang='lat' dir='ltr'>fungeretur,</span> <span class='ocrx_word' id='word_1_155' title='bbox 1527 2769 1601 2794; x_wconf 87' lang='lat' dir='ltr'>non</span> <span class='ocrx_word' id='word_1_156' title='bbox 1638 2759 1761 2805; x_wconf 74' lang='lat' dir='ltr'>potuit</span> <span class='ocrx_word' id='word_1_157' title='bbox 1798 2770 1874 2795; x_wconf 87' lang='lat' dir='ltr'>non</span> <span class='ocrx_word' id='word_1_158' title='bbox 1908 2759 2113 2806; x_wconf 83' lang='lat' dir='ltr'>improbare</span> <span class='ocrx_word' id='word_1_159' title='bbox 2145 2772 2210 2806; x_wconf 85' lang='lat' dir='ltr'>ea,</span> <span class='ocrx_word' id='word_1_160' title='bbox 2252 2773 2342 2809; x_wconf 87' lang='lat' dir='ltr'>quae</span> 
     </span>
     <span class='ocr_line' id='line_1_25' title="bbox 1238 2828 2051 2874; baseline 0.005 -12"><span class='ocrx_word' id='word_1_161' title='bbox 1238 2828 1335 2874; x_wconf 83' lang='lat' dir='ltr'>apud</span> <span class='ocrx_word' id='word_1_162' title='bbox 1360 2828 1558 2874; x_wconf 84' lang='lat' dir='ltr'>plerosque</span> <span class='ocrx_word' id='word_1_163' title='bbox 1584 2830 1750 2874; x_wconf 77' lang='lat' dir='ltr'>aequales</span> <span class='ocrx_word' id='word_1_164' title='bbox 1775 2840 1863 2865; x_wconf 86' lang='lat' dir='ltr'>suos</span> <span class='ocrx_word' id='word_1_165' title='bbox 1895 2829 2051 2866; x_wconf 74' lang='lat' dir='ltr'>videbat.</span> 
     </span>
    </p>

    <p class='ocr_par' dir='ltr' id='par_1_5' title="bbox 1233 2894 2337 3154">
     <span class='ocr_line' id='line_1_26' title="bbox 1287 2894 2337 2947; baseline 0.007 -17"><span class='ocrx_word' id='word_1_166' title='bbox 1287 2894 1473 2941; x_wconf 83' lang='lat' dir='ltr'>Videbat,</span> <span class='ocrx_word' id='word_1_167' title='bbox 1513 2896 1765 2943; x_wconf 72' lang='lat' dir='ltr'>philosophos</span> <span class='ocrx_word' id='word_1_168' title='bbox 1798 2897 1881 2934; x_wconf 81' lang='lat' dir='ltr'>illos</span> <span class='ocrx_word' id='word_1_169' title='bbox 1910 2899 2071 2947; x_wconf 62' lang='lat' dir='ltr'>physicos</span> <span class='ocrx_word' id='word_1_170' title='bbox 2094 2911 2131 2935; x_wconf 88' lang='lat' dir='ltr'>ea</span> <span class='ocrx_word' id='word_1_171' title='bbox 2157 2908 2337 2945; x_wconf 85' lang='lat' dir='ltr'>tractare,</span> 
     </span>
     <span class='ocr_line' id='line_1_27' title="bbox 1236 2965 2336 3016; baseline 0.006 -18"><span class='ocrx_word' id='word_1_172' title='bbox 1236 2974 1329 3008; x_wconf 80' lang='lat' dir='ltr'>quae</span> <span class='ocrx_word' id='word_1_173' title='bbox 1378 2965 1435 3000; x_wconf 77' lang='lat' dir='ltr'>vel</span> <span class='ocrx_word' id='word_1_174' title='bbox 1495 2966 1628 3011; x_wconf 77' lang='lat' dir='ltr'>procul</span> <span class='ocrx_word' id='word_1_175' title='bbox 1665 2976 1785 3002; x_wconf 77' lang='lat' dir='ltr'>essent</span> <span class='ocrx_word' id='word_1_176' title='bbox 1821 2966 1865 3002; x_wconf 82' lang='lat' dir='ltr'>ab</span> <span class='ocrx_word' id='word_1_177' title='bbox 1899 2967 2058 3003; x_wconf 80' lang='lat' dir='ltr'>hominis</span> <span class='ocrx_word' id='word_1_178' title='bbox 2099 2968 2336 3016; x_wconf 80' lang='lat' dir='ltr'>cognitione,</span> 
     </span>
     <span class='ocr_line' id='line_1_28' title="bbox 1233 3032 2335 3082; baseline 0.007 -15"><span class='ocrx_word' id='word_1_179' title='bbox 1233 3033 1289 3068; x_wconf 76' lang='lat' dir='ltr'>vel</span> <span class='ocrx_word' id='word_1_180' title='bbox 1311 3060 1322 3078; x_wconf 80' lang='lat'>,</span> <span class='ocrx_word' id='word_1_181' title='bbox 1364 3032 1394 3068; x_wconf 79' lang='lat' dir='ltr'>si</span> <span class='ocrx_word' id='word_1_182' title='bbox 1434 3033 1585 3069; x_wconf 75' lang='lat' dir='ltr'>maxime</span> <span class='ocrx_word' id='word_1_183' title='bbox 1625 3034 1772 3080; x_wconf 77' lang='lat' dir='ltr'>cognita</span> <span class='ocrx_word' id='word_1_184' title='bbox 1800 3045 1949 3082; x_wconf 81' lang='lat' dir='ltr'>essent,</span> <span class='ocrx_word' id='word_1_185' title='bbox 1987 3037 2079 3073; x_wconf 85' lang='lat' dir='ltr'>nihil</span> <span class='ocrx_word' id='word_1_186' title='bbox 2104 3047 2222 3075; x_wconf 88' lang='lat' dir='ltr'>tamen</span> <span class='ocrx_word' id='word_1_187' title='bbox 2247 3049 2335 3074; x_wconf 87' lang='lat' dir='ltr'>con-</span> 
     </span>
     <span class='ocr_line' id='line_1_29' title="bbox 1234 3100 2332 3154; baseline 0.006 -18"><span class='ocrx_word' id='word_1_188' title='bbox 1234 3100 1368 3138; x_wconf 66' lang='lat' dir='ltr'>ferrent</span> <span class='ocrx_word' id='word_1_189' title='bbox 1396 3102 1439 3138; x_wconf 73' lang='lat' dir='ltr'>ad</span> <span class='ocrx_word' id='word_1_190' title='bbox 1463 3102 1554 3139; x_wconf 82' lang='lat' dir='ltr'>bene</span> <span class='ocrx_word' id='word_1_191' title='bbox 1578 3104 1790 3141; x_wconf 69' lang='lat' dir='ltr'>vivendum.</span> <span class='ocrx_word' id='word_1_192' title='bbox 1847 3105 2031 3152; x_wconf 82' lang='lat' dir='ltr'>Quaerere</span> <span class='ocrx_word' id='word_1_193' title='bbox 2054 3106 2218 3154; x_wconf 81' lang='lat' dir='ltr'>solebat,</span> <span class='ocrx_word' id='word_1_194' title='bbox 2247 3118 2332 3143; x_wconf 88' lang='lat' dir='ltr'>num</span> 
     </span>
    </p>

    <p class='ocr_par' dir='ltr' id='par_1_6' title="bbox 2283 3188 2330 3213">
     <span class='ocr_line' id='line_1_30' title="bbox 2283 3188 2330 3213; baseline 0 0"><span class='ocrx_word' id='word_1_195' title='bbox 2283 3188 2330 3213; x_wconf 79' lang='lat'>15-</span> 
     </span>
    </p>
   </div>
   <div class='ocr_carea' id='block_1_4' title="bbox 1269 3251 1760 3292">
    <p class='ocr_par' dir='ltr' id='par_1_7' title="bbox 1269 3251 1760 3292">
     <span class='ocr_line' id='line_1_31' title="bbox 1269 3251 1760 3292; baseline 0.004 -13"><span class='ocrx_word' id='word_1_196' title='bbox 1269 3252 1314 3289; x_wconf 75' lang='lat' dir='ltr'>(t</span> <span class='ocrx_word' id='word_1_197' title='bbox 1351 3251 1407 3280; x_wconf 63' lang='lat' dir='ltr'>LI.</span> <span class='ocrx_word' id='word_1_198' title='bbox 1434 3252 1522 3281; x_wconf 61' lang='lat' dir='ltr'>&#39;Ioni-</span> <span class='ocrx_word' id='word_1_199' title='bbox 1550 3253 1594 3282; x_wconf 74' lang='grc' dir='ltr'>Η.</span> <span class='ocrx_word' id='word_1_200' title='bbox 1620 3264 1687 3292; x_wconf 51' lang='lat'>1¹⁴³}-</span> <span class='ocrx_word' id='word_1_201' title='bbox 1714 3255 1760 3291; x_wconf 44' lang='lat'>[57.</span> 
     </span>
    </p>
   </div>
   <div class='ocr_carea' id='block_1_5' title="bbox 0 0 2912 4368">
    <p class='ocr_par' dir='ltr' id='par_1_8' title="bbox 0 0 2912 4368">
     <span class='ocr_line' id='line_1_32' title="bbox 0 0 2912 4368; baseline 0 36"><span class='ocrx_word' id='word_1_202' title='bbox 0 0 2912 4368; x_wconf 95' lang='lat' dir='ltr'> </span> 
     </span>
    </p>
   </div>
  </div>
 </body>
</html>
