1487 2625
296 186 350 231 52
434 209 438 215 ·
531 187 668 231 ADR.
703 185 869 231 CATH.
902 186 1177 232 HOLTIUS.

346 341 588 384 JUDICIUM
624 340 834 385 Onnitms
867 342 1031 386 MArm.
1065 356 1125 386 ΕΤ
1159 342 1354 388 PHYsm.

355 456 424 500 Ad
452 456 734 513 quaestionem
763 457 1327 518 mathematico-physicam:

354 564 381 585 ,‚
414 536 693 590 Exponatzcr
727 535 906 578 theoria
937 536 1407 592 mathematico-phy-

301 642 327 663 „
360 614 456 653 sica
480 607 772 667 speciclorum
798 614 1105 655 causticorum
1119 617 1169 666 ,³⁹
1197 613 1301 656 duas
1331 626 1407 656 ao-

298 687 408 745 cepit
437 688 610 732 facultas
633 688 951 748 responsiones,
976 688 1112 747 prima
1136 688 1363 748 inscripta:

466 797 493 818 ‚‚
529 767 622 808 The
646 768 816 808 scient-e
842 767 898 823 of
913 768 1060 821 optics
1083 767 1125 808 is·
1150 782 1230 809 one
1250 769 1310 823 of
1331 766 1409 809 the

413 851 527 885 most
554 846 757 899 elegant,
788 845 882 885 and
915 844 989 885 tlze
1018 850 1133 886 most
1154 845 1410 899 important

413 921 632 962 branches
677 924 728 976 of
763 921 956 962 natural
994 922 1089 961 and
1127 921 1412 963 mechanicae

400 998 680 1052 philosophy
695 1001 742 1049 ‚’'

295 1075 447 1119 altera:

468 1184 495 1206 „
525 1156 593 1196 Es
625 1155 685 1195 ist
717 1152 827 1194 aber
870 1153 1040 1194 einmal
1080 1166 1218 1193 unser
1255 1151 1407 1201 Leo-s,

409 1233 599 1273 allemal
651 1231 744 1287 auf
783 1228 1162 1284 unbegreifliclzes
1197 1243 1256 1269 zu
1289 1234 1409 1269 stos-

410 1325 516 1359 sen,
558 1324 606 1348 so
648 1308 756 1349 hald
790 1308 878 1348 wir
923 1321 1007 1348 uns
1050 1305 1267 1347 bemic‘lzen
1296 1307 1411 1347 alles

407 1385 646 1426 verstelzen
671 1400 729 1425 :a
757 1385 972 1425 wollen.'’

350 1481 556 1523 Auctores
582 1479 730 1523 harum
759 1478 934 1522 duarum
971 1477 1311 1537 disputationum·
1340 1477 1410 1520 di-

294 1557 464 1614 ligenter
493 1557 745 1612 collegerunt
788 1556 986 1599 formulas
1013 1554 1238 1614 analyticas
1257 1586 1269 1608 ‚
1302 1569 1410 1612 quae

293 1633 354 1676 rei
394 1632 638 1691 propositae
677 1631 939 1688 indagandae
974 1630 1236 1684 inserviunt,
1284 1637 1410 1687 atque

291 1710 334 1753 in
376 1709 427 1753 iis
469 1708 726 1767 exponendis
760 1708 966 1751 laudabile
1007 1707 1278 1751 ostenderunt
1317 1713 1410 1751 stu-

293 1786 435 1839 dium,
476 1785 663 1842 quamvis
708 1785 883 1829 istarum
922 1785 1192 1828 formularum
1243 1784 1326 1829 vim
1368 1791 1409 1829 et

291 1863 494 1908 rationem
530 1877 615 1907 non
640 1876 806 1921 semper
835 1861 936 1905 satis
960 1862 1207 1906 intellexisse
1232 1862 1408 1906 videan-

291 1950 371 1986 tur.
415 1941 472 1984 At
499 1955 598 1984 vero
625 1954 710 1983 non
730 1953 864 1998 pauca
881 1972 892 1992 ‚
926 1954 1032 1996 quae
1049 1939 1271 1983 recentiori
1295 1947 1408 1984 tem-
1465 1944 1469 1972 ³

289 2034 395 2077 pore
440 2034 463 2062 a
499 2016 804 2061 mathematicis
836 2024 875 2060 et
900 2016 1110 2075 physicis,
1144 2017 1404 2062 nostratibus
1478 2064 1487 2072 ,

290 2096 409 2138 etiam
430 2127 441 2147 ,
484 2094 565 2138 hae
600 2094 651 2138 de
687 2109 733 2138 re
762 2094 982 2152 explanata
1023 2100 1117 2137 sunt
1152 2092 1405 2150 omiserunt3

291 2172 420 2221 adeo,
453 2178 498 2214 ut
529 2186 576 2214 ex
617 2171 730 2215 hisce
767 2170 1113 2229 responsionibus
1138 2185 1402 2227 nequaquam

289 2247 468 2306 perspici
521 2248 678 2305 possit,
747 2251 964 2304 quousque
1020 2255 1167 2292 nostro
1215 2255 1404 2307 tempore
