1487 2625
471 188 510 233 Ο
544 186 581 230 R
613 185 647 227 A
682 184 719 228 Τ
753 184 768 226 l
803 179 854 227 Ο.
1165 181 1215 221 ’13

106 334 178 379 te,
214 338 298 369 non
329 322 450 366 etiam
475 319 757 369 scholaribus,
791 306 1094 371 nennunquam
1122 328 1220 370 gra-

111 404 203 447 vius
222 402 324 453 fuit,
356 397 599 459 praesertim
628 392 913 440 Dordracenis
939 398 978 435 et
1006 388 1220 434 Cartesia-

109 481 173 525 nis
211 477 483 538 temporibus.
577 472 742 518 Remoti
784 477 879 515 sunt
920 483 1031 512 anno
1077 466 1227 511 saeculi

115 557 248 601 XVII.
281 552 587 610 undevigesimo
627 550 797 594 Barleus
826 555 865 591 et
905 544 1088 589 Vossius.
1135 544 1224 586 Re-

113 642 252 678 ‘motus
280 639 340 676 est
374 644 483 674 anno
513 634 630 671 sexto
667 633 705 670 et
752 623 1094 681 quinquagesimo
1130 629 1225 679 post

116 709 382 754 Abrahamus
430 704 671 758 Heidanus3
724 702 791 745 alii
832 701 946 744 alias.
1035 701 1227 742 Attamen

118 800 202 830 non
243 792 304 829 est
341 782 456 839 quod
492 780 770 824 concedamus
819 777 929 820 illam
972 775 1226 819 severitatem

119 863 310 920 injustam
348 874 512 917 semper
540 856 663 900 fuisse
691 861 760 898 aut
800 854 997 897 inutilem.
1062 851 1228 895 Barleus

116 944 161 984 'et
189 938 361 983 Vossius
389 934 539 981 remoti
562 940 657 977 sunt
683 947 707 975 a
740 928 1022 974 moderamine
1058 927 1227 985 colleg-ii

113 1015 393 1073 ‘Theologich
437 1011 552 1069 quod
607 1009 799 1069 publicae
847 1005 1053 1064 religionis
1097 1004 1229 1062 gratia

122 1093 336 1139 conditum
369 1096 482 1142 erat,
515 1101 599 1131 non
635 1086 721 1143 ejus
754 1083 972 1128 doctrinae
1009 1097 1134 1139 quam
1172 1081 1230 1124 illi

122 1171 222 1215 clari
265 1168 340 1213 viri
385 1164 572 1226 profiteri
622 1168 876 1221 coeperant,
937 1160 1023 1217 lege
1064 1147 1230 1218 publica

112 1234 349 1291 ¹damnatae
381 1250 504 1299 atque
545 1242 822 1300 proscriptae.
886 1237 1097 1281 Heidanus
1124 1250 1236 1293 quo-

125 1339 206 1381 que
241 1337 288 1366 ea
323 1325 542 1379 aperuerat
584 1317 634 1361 de
682 1316 806 1360 rebus
852 1314 1027 1366 divinis,
1058 1321 1234 1372 propter

127 1415 233 1458 quae
262 1396 472 1442 academia
503 1386 670 1455 poterat
699 1393 786 1437 fieri
809 1392 1075 1448 infrequens;
1107 1400 1236 1449 prae-

129 1486 240 1522 terea
278 1475 406 1520 libere
429 1471 652 1517 scribendo
681 1470 904 1513 Curatores
925 1469 1111 1511 laeserat.
1145 1466 1236 1512 Hoc

129 1557 305 1599 fortasse
340 1546 417 1596 eos
449 1564 613 1593 movere
650 1562 735 1591 non
778 1546 945 1599 debuit3
978 1544 1077 1588 illud
1117 1559 1233 1588 vero:

131 1630 404 1675 Curatoribus
451 1627 556 1671 enim
595 1624 695 1668 nihil
725 1623 866 1668 debuit
904 1620 1112 1677 antiquius
1149 1634 1238 1664 esse

130 1707 354 1752 academia.
391 1705 655 1749 Professores
677 1708 812 1744 autem
842 1697 912 1755 qui
935 1696 1112 1741 Heidani
1130 1704 1239 1740 tem-

133 1799 236 1845 pore
262 1799 305 1828 se
327 1782 369 1826 in
399 1775 605 1826 Ordinum
622 1811 632 1830 ‚
653 1793 733 1822 non
760 1777 803 1820 in
834 1775 1081 1819 (juratorum
1115 1788 1236 1816 manu

132 1876 221 1906 esse
259 1858 594 1908 contendebant,
637 1855 715 1898 hos
769 1852 1004 1899 meminisse
1053 1851 1239 1909 oportuit

134 1939 316 1999 primum
337 1935 436 1993 quid
450 1935 491 1977 in
512 1947 629 1977 more
654 1931 858 1988 majorum
877 1936 982 1972 esset
1000 1959 1011 1979 ,
1029 1935 1111 1971 tum
1126 1926 1237 1972 Uni-

18 2013 21 2018 ’
68 2046 69 2049 =
136 2013 339 2060 versitatis
364 2026 407 2056 se
434 2010 694 2069 professores
720 2020 832 2059 esse,
855 2019 940 2049 non
969 2003 1234 2063 reipublicae.

193 2170 368 2217 Verum,
400 2172 443 2208 ut
482 2163 640 2222 primae
689 2158 924 2205 academiae
974 2157 1240 2202 constitutio-

131 2261 227 2289 nem
256 2257 387 2303 porro
422 2249 681 2299 spectemus,
712 2235 903 2280 mirabile
944 2241 1030 2289 est,
1057 2232 1102 2277 id
1125 2234 1239 2291 quod
