1487 2625
538 175 886 216 MEDICA.
1221 189 1267 226 37

139 284 348 322 Oculorum
378 284 575 332 palpebrae
606 286 733 323 colore
757 286 955 323 livescente
975 285 1042 334 (1)
1073 294 1108 323 et
1133 286 1258 333 cutis,

141 353 325 402 imprimis
354 353 543 401 thoracis,
576 355 730 393 maculis
762 355 945 393 interdum
967 354 1161 403 tinguntur
1174 355 1258 404 (a).

168 423 338 462 [Vitium
365 425 504 463 aceedit
529 424 762 463 imbecillitas
791 436 944 474 magna,
966 426 1125 473 paralysi
1148 426 1261 464 inter-

141 493 227 532 dum
251 494 381 543 juncta
405 495 491 548 (3).
528 495 665 543 Neque
687 506 767 532 raro
793 507 894 533 mors
925 496 1073 534 inducta
1096 496 1257 544 legitur,

142 565 456 612 quemadmodum
473 593 485 612 ‚
513 566 559 604 de
589 565 762 614 pluribus
788 577 832 603 ex
857 567 1039 604 Arsenico
1066 567 1256 615 pulmoni-

139 633 211 671 bus
244 642 400 672 attracto
439 634 477 672 in
517 635 637 672 eadem
679 636 818 682 domo,
856 637 982 674 retulit
1013 636 1258 675 Hoffman-

140 715 226 743 nus
249 705 333 754 (4).

187 775 230 812 In
258 774 426 813 veneficii
448 776 608 814 decursu
634 776 757 814 minus
791 785 929 823 acuto,
965 777 1002 813 in
1040 777 1147 814 initio
1186 788 1261 814 res-

136 844 271 892 piratio
301 845 484 892 difficilis,
516 846 696 884 tussicula
727 846 903 894 frequens
935 856 970 883 et
1000 847 1099 885 sicca
1125 847 1258 884 obser-

136 923 286 954 vantur.
353 917 517 954 Dolores
555 916 690 962 celici,
730 925 876 954 artuum
902 917 1004 966 rigor
1041 917 1256 965 spasticus‚

139 996 344 1034 eorumque
367 986 476 1024 dolo-r
495 985 562 1034 (5)
588 996 623 1023 et
655 995 794 1024 tremor
812 987 881 1034 (6)
896 1015 909 1033 ‚
927 987 965 1024 in
980 987 1159 1035 temporis
1173 999 1258 1035 spa-

137 1055 191 1092 tio
241 1056 355 1104 magis
392 1056 564 1094 minusve
599 1065 789 1104 protracto
828 1057 935 1104 sequi
975 1058 1124 1103 solent,
1167 1057 1254 1094 dum

136 1125 316 1163 asthmate
350 1126 409 1163 vel
447 1126 542 1163 tussi
570 1127 796 1164 convellitur
816 1138 989 1174 ‚coi-pus,
1020 1128 1129 1176 cujus
1162 1127 1256 1165 vires

135 1196 234 1233 lente
260 1194 441 1233 febricula
460 1207 754 1234 consumuntur.
811 1198 930 1234 Crura
958 1197 1122 1234 evadunt
1148 1197 1258 1234 oede-
1297 1212 1302 1216 ·

135 1273 277 1304 matosa
301 1267 396 1315 (7),
446 1267 545 1304 oculi
584 1267 821 1304 collabuntur
855 1276 890 1304 et
929 1265 1026 1304 fiunt
1070 1268 1252 1315 concavig,

138 1335 256 1373 donec
282 1336 427 1373 tandem
444 1366 455 1382 ‚
497 1336 593 1374 sicut
619 1338 753 1374 sceleta
781 1337 864 1375 viva
881 1366 892 1383 ‚
931 1338 1057 1385 pallidi
1092 1339 1183 1376 sicci
1221 1349 1258 1376 et

135 1406 227 1443 adeo
259 1406 444 1444 macilenti
481 1406 598 1453 fiant,
638 1407 704 1454 qui
736 1408 807 1444 hoc
843 1419 988 1457 veneno
1016 1409 1079 1445 diu
1105 1407 1258 1447 fuerunt

136 1475 282 1522 affecti,
309 1487 351 1514 ut
374 1478 474 1514 cutis
499 1477 561 1515 vix
586 1478 737 1515 ossibus
765 1479 908 1515 haereat
923 1477 1008 1527 (8),
1036 1487 1072 1516 et
1092 1479 1259 1516 haemor-

138 1547 273 1595 rhagiis
298 1557 334 1584 et
358 1548 492 1585 sudore
508 1547 752 1594 colliquativo
771 1549 922 1597 penitus
947 1548 1139 1596 exhausti,
1157 1560 1261 1597 pere·

138 1626 200 1654 ant
226 1617 323 1665 aegri
347 1618 429 1665 (9).
488 1617 589 1654 Haec
620 1620 733 1665 vulgo
758 1618 796 1655 in
823 1620 980 1666 decursu
1009 1619 1124 1667 magis
1151 1620 1260 1657 chro·

136 1686 222 1723 nico
247 1695 446 1724 occurrunt
473 1696 509 1724 et
537 1687 690 1724 maxime
718 1697 921 1725 cernuntur
945 1687 982 1724 in
1011 1688 1082 1737 iis2
1119 1689 1182 1736 qui
1211 1700 1256 1727 ex

138 1756 280 1806 opificii
308 1767 438 1804 genere
464 1757 633 1794 Arsenici
665 1757 888 1796 exhalationi
922 1758 1066 1797 diutius
1105 1758 1255 1799 fuerunt

1195 1840 1256 1867 ΕΧ·

180 1891 228 1930 (1)
253 1888 444 1925 Gmelin‚
471 1888 554 1918 ibid.

177 1945 226 1984 (2)
252 1943 338 1974 Ibid.
373 1942 565 1972 Gesclziclzte
592 1942 639 1973 ΙΙ.
666 1954 700 1981 p.
728 1939 803 1975 2200*

179 1998 228 2038 (5)
253 1996 485 2033 Suu-man,
514 1995 535 2024 l.
563 2007 592 2026 c.
618 2007 650 2035 p.
677 2007 728 2036 29.

177 2052 228 2092 (4)
253 2050 375 2090 Opnsc.
402 2048 529 2080 Pathol.
556 2055 661 2088 praet.
690 2050 771 2080 Dec.
798 2051 844 2081 11.
872 2050 947 2082 diss.
974 2050 1037 2081 Vi.
1064 2062 1097 2090 p.
1122 2053 1192 2084 426.

177 2103 227 2144 (5)
251 2102 484 2140 Hufeland‚
513 2104 634 2133 Journ.
659 2103 694 2134 B.
721 2103 850 2135 LXIV.
879 2105 931 2134 St.
958 2105 1005 2136 11.
1030 2116 1063 2146 p.
1090 2105 1140 2137 15.

179 2158 227 2198 (6)
250 2157 396 2187 Miscell.
421 2158 504 2187 Nat.
533 2158 663 2187 Curios·
687 2157 768 2186 ibid.

180 2212 227 2250 (7)
252 2210 547 2246 Hahuemann,
574 2210 597 2240 l.
623 2222 651 2240 c.
677 2221 710 2249 p.
736 2211 806 2251 147.
840 2215 870 2253 ᾗ.
897 2212 967 2253 267.

175 2258 236 2304 (8)
259 2265 401 2295 Misceri.
432 2266 516 2294 Nat.
546 2265 674 2295 Curios.
698 2263 779 2292 ibid.

181 2318 236 2359 (9)
257 2317 544 2356 Hahnemann,
573 2318 594 2349 l.
624 2329 652 2348 c.
680 2329 711 2358 Ρ.
737 2319 788 2349 68.
