1487 2625
2 2438 8 2461 i

13 2227 17 2269 ί

14 2283 19 2367 ἑ

16 2374 20 2435 ἓ

17 2438 21 2483 2

20 2525 24 2618 ἒ

2 2469 7 2493 ὁ

4 2499 6 2509 i

3 2547 11 2567 ⁸.

3 2587 6 2597 A

340 208 936 248 THEOLOGICA.
1151 218 1194 257 31

90 319 387 361 Socraticam
423 319 595 357 virtutem
632 317 684 355 nil
729 317 828 354 aliud
862 328 969 363 esse,
999 327 1107 363 quam
1134 328 1203 354 na-

89 389 216 430 rurale
241 388 401 428 omnibus
418 389 621 438 felicitatis
645 387 808 427 studium
823 415 836 433 ‚
871 387 1017 424 ratione
1043 394 1199 424 rectum.

90 462 190 503 Hinc
232 460 408 500 virtutem
447 461 563 509 ipsam
614 460 744 507 σοφίαν
786 459 954 507 dicebat;
1008 458 1095 496 hinc
1135 457 1200 506 id,

92 532 197 580 quod
231 531 393 569 omnium
429 530 677 579 experientiae
713 538 912 578 repugnat:
970 557 994 576 ‚‚
1018 528 1201 567 neminem

92 601 231 650 „novi
259 601 327 639 alia
351 599 544 640 facientem
560 627 574 648 ‚
601 611 709 648 quarn
728 610 822 647 quae
844 598 964 637 facere
978 599 1107 636 decere
1118 607 1204 636 cen-

92 698 117 720 „
145 679 204 709 set
231 670 344 720 (1).”
957 713 959 716 Α

139 740 262 790 Hujus
298 747 418 778 autern
450 739 672 787 sapientiae,
724 750 817 789 quae
851 739 897 777 ad
929 739 1210 789 uaaouqayaeotaw

87 809 212 858 ducit,
237 809 435 858 praecipua
461 821 546 857 pars
573 818 631 848 est
655 810 714 848 sui
738 810 896 859 cognitio
911 835 925 856 ‚
967 820 1062 856 quae
1092 808 1132 846 in
1155 818 1209 846 eo·

87 879 270 929 imprimis
295 889 352 919 est
377 880 529 928 posita,
557 888 599 917 ut
623 879 709 928 quis
733 887 936 927 cognoscat
964 878 1099 917 virium
1119 888 1212 916 sua--

88 961 169 989 rum
183 950 334 989 modum
346 977 359 998 ,
377 963 402 999 q
406 950 469 988 uid
479 948 600 988 facere
609 950 744 996 valeat,
761 949 853 997 quid
867 959 943 986 non
956 948 1058 987 item.
1084 946 1212 996 Natus

87 1019 154 1067 qui
188 1030 230 1057 se
264 1019 346 1068 ipse
369 1020 504 1066 novit,
532 1024 734 1067 numquam
760 1018 884 1056 nimiis
910 1019 1054 1058 excidet
1077 1017 1203 1065 ausis,

88 1095 126 1125 et
150 1088 206 1126 sic
229 1089 387 1126 dedecus
411 1089 660 1136 damnumque
685 1089 882 1127 maximum
903 1088 1074 1127 evitabit.
1101 1089 1210 1128 Cum·

87 1164 208 1203 autem
232 1157 408 1203 noverit,
436 1169 531 1205 quae
557 1158 632 1196 sibi
663 1159 836 1208 prosint,
864 1159 955 1207 quid
988 1158 1051 1197 alii
1083 1158 1207 1196 homi-

86 1237 155 1264 nes
181 1227 256 1265 sibi
284 1226 469 1274 praestare
495 1228 671 1276 possint‚
699 1229 891 1268 maximam
919 1227 964 1266 ab
993 1227 1075 1267 aliis
1104 1227 1212 1266 utili-·

86 1304 196 1334 tatem
224 1295 404 1344 percipiet
432 1296 519 1346 (α).

137 1367 238 1404 Cum
277 1366 391 1415 igitur
428 1367 577 1406 virtutis
615 1369 698 1405 finis
734 1367 810 1413 sit,
850 1376 892 1404 ut
929 1368 1043 1405 homo
1078 1359 1217 1406 evadat

87 1438 338 1486 καλοκᾳγοιθὸς
352 1464 364 1483 ,
403 1436 430 1475 i.
447 1448 484 1476 e.
524 1446 632 1488 aptus
661 1437 715 1475 ad
734 1440 854 1476 vitam
879 1439 920 1474 in
944 1439 1098 1476 civitate
1120 1436 1207 1476 bene

86 1514 122 1544 ct
143 1505 310 1549 feliciter
335 1505 539 1555 agendam,
568 1515 702 1554 sponte
723 1505 949 1553 sequebatur
961 1507 1057 1544 hoc:
1087 1506 1206 1545 virtu-

87 1582 160 1612 tem
175 1583 326 1613 eatenus
342 1575 453 1612 modo
469 1576 659 1613 colendam
674 1587 757 1614 esse
771 1603 784 1623 ‚
815 1585 997 1624 quatenus
1017 1575 1139 1624 prosit
1157 1576 1220 1615 ad*

87 1644 187 1682 hunc
211 1643 338 1683 finem.
365 1644 464 1682 Hinc
486 1656 562 1682 non
587 1645 815 1684 Socrates
840 1646 878 1684 id
901 1647 1009 1694 vult,
1039 1655 1080 1684 ut
1090 1646 1206 1685 homo

88 1724 108 1750 a
136 1713 291 1751 terrenis
315 1713 363 1750 ad·
382 1714 557 1751 coelestia
583 1726 623 1752 se
647 1724 867 1761 convertat,
896 1716 962 1753 sed
989 1723 1032 1753 ut
1053 1724 1205 1754 eatenus

86 1777 309 1831 ‘cupiditates
350 1794 435 1821 suas
471 1787 666 1830 coerceat,
708 1793 893 1831 quatenus
927 1784 1052 1832 ipsum
1091 1784 1208 1833 impe-

87 1854 214 1902 diant,
242 1866 318 1902 quo
357 1854 481 1892 minus
517 1856 768 1903 κωλοκᾳγικθὸς
794 1857 845 1894 sit
864 1856 950 1906 (3).
1002 1857 1103 1894 Hinc
1126 1865 1204 1895 non

90 1932 231 1962 tantum
260 1923 430 1971 licitum,
459 1925 523 1961 sed
549 1925 639 1962 boni
665 1926 738 1963 viri
767 1926 929 1964 officium
964 1927 1205 1975 esse-duxit,

87 1992 246 2030 inimicis
281 2005 388 2041 quam
414 1993 568 2031 maxime
592 2006 752 2043 nocere;
808 2007 948 2043 prava,
988 2006 1030 2034 ut
1056 1997 1203 2036 menda-

88 2062 215 2110 cium,
242 2063 275 2101 si
311 2063 412 2101 bono
449 2063 606 2102 consilio
645 2075 729 2113 erga
767 2066 905 2104 amicos
934 2067 1202 2115 adhibeantur,

1124 2139 1203 2189 jus-

130 2242 184 2277 (1)
207 2238 259 2269 ef.
280 2239 378 2268 Mem.
401 2237 465 2268 111.
487 2248 514 2267 0.
531 2249 562 2278 9.
591 2238 668 2278 §.5.
712 2239 771 2270 1v.
793 2251 818 2270 c.
834 2241 864 2271 6.
888 2243 960 2282 §·6·

132 2292 170 2326 (2
206 2292 307 2321 ,Mem-
330 2290 391 2321 lv.
412 2301 440 2321 c.
455 2302 485 2321 2.
509 2291 666 2331 §.26-50.

130 2344 185 2381 (5)
206 2345 305 2374 Mem.
329 2345 355 2374 1.
378 2354 406 2374 c.
421 2344 452 2374 5.
474 2347 505 2384 35.
522 2343 569 2373 14.
593 2343 668 2374 coll.
703 2343 784 2381 §11-
