1487 2625
188 167 232 205 18
407 161 1078 202 COMMENTATIO

189 273 360 322 quamvis
392 285 499 311 casus
537 272 589 310 ini
627 282 703 309 non
738 270 948 319 pertineant
979 270 1024 308 ad
1049 269 1147 309 illam
1181 271 1310 310 obser-

189 345 379 382 vationum
410 343 570 385 seriem.,
612 341 658 378 de
693 340 833 387 quibus
859 339 1035 388 deinceps
1063 339 1213 379 videndi
1241 341 1311 379 erit

188 414 352 452 occasio.
387 413 491 462 Quas
518 411 563 449 ad
584 411 676 448 hanc
699 412 854 448 classem
879 411 1004 448 reduci
1028 411 1164 449 debent
1187 411 1311 449 histo-

186 469 287 530 riasf,
322 493 421 521 nunc
449 482 599 519 relaturi
627 492 777 518 sumus.

238 554 354 599 Doct.
372 552 398 590 P
412 552 457 600 yl
481 550 575 588 intra
599 560 646 589 10⁴
660 551 770 587 horas
787 550 899 587 vitam
915 550 1096 588 sublatam
1113 550 1208 588 vidit
1224 552 1309 599 (ι).

183 625 227 663 In
255 635 342 661 casu
368 635 388 660 a
415 623 662 669 Metzgero
691 629 894 659 memorato
924 622 1026 670 (2),
1069 620 1183 668 inque
1205 620 1307 668 alio,

186 705 297 742 quem
332 692 547 730 observavit
595 692 699 729 doct.
744 691 906 729 Wildb
920 702 997 739 erg
1014 719 1026 737 ‚
1077 691 1167 729 hora
1205 699 1312 730 sexta

187 775 288 801 mors
302 763 530 810 sequebatur
543 762 627 812 (3).
657 761 941 799 Hohnbaum
969 761 1059 807 bis,
1085 760 1181 800 intra
1203 761 1314 809 quin-

188 845 262 881 que
297 834 469 871 horarum
505 831 663 880 spatium
681 859 694 877 ,
732 839 888 868 mortem
914 839 1078 869 secutam
1106 830 1200 868 vidit
1222 831 1310 882 (4).

187 903 354 948 Horam,
377 914 397 940 a
411 901 595 950 deglutito
612 911 755 938 veneno
770 929 783 948 ‚
807 909 973 948 quartam
997 901 1162 940 indicant
1178 902 1258 940 We
1269 915 1313 952 p-

185 970 322 1009 ferus
346 972 414 1020 (5)
443 980 479 1008 et
503 971 627 1009 Male
653 969 742 1020 (6).
789 971 903 1008 Doct.
926 970 1173 1017 Johnston
1200 973 1309 1011 alium

186 1043 279 1080 'nora
306 1042 413 1079 tertia
434 1051 469 1079 et
496 1041 645 1079 dimidia
670 1040 812 1078 obiisse
837 1041 949 1078 refert
962 1040 1051 1091 (7).
1081 1042 1310 1081 Celerriman

187 1111 348 1159 denique
382 1112 572 1149 annotavit
611 1119 768 1148 mortem
796 1121 1033 1159 provocatam
1064 1113 1166 1152 doct.
1197 1115 1308 1162 Py1‚

189 1183 228 1219 in
264 1182 334 1219 alia
367 1182 479 1231 hujus
520 1180 690 1218 veneficii
726 1181 882 1219 historia
903 1209 916 1228 ,
955 1194 1028 1230 qua
1065 1182 1158 1221 intra
1201 1184 1312 1222 breve

185 1251 295 1289 trium
321 1252 493 1290 horarum
520 1250 754 1289 intervallum
777 1251 854 1289 vita
878 1250 999 1289 fuerat
1024 1252 1168 1291 sublata
1194 1254 1282 1304 (8).

240 1322 341 1359 Haec
373 1323 419 1359 de
444 1322 574 1359 mortis
601 1322 796 1359 invasione
827 1321 1025 1368 aliquando
1052 1323 1242 1362 celerrima
1271 1325 1310 1363 in

186 1392 336 1431 casibus
353 1420 364 1438 ‚
395 1392 459 1440 qui
490 1402 531 1429 ut
556 1394 628 1442 jam
657 1392 817 1430 diximus
835 1419 848 1438 ‚
881 1391 1171 1431 inflammatione
1195 1406 1309 1432 mem·

189 1470 382 1501 manarum
422 1474 656 1500 mucosarum
705 1461 929 1500 validissima
970 1462 1015 1500 ab
1054 1462 1136 1501 aliis
1177 1465 1312 1503 distin-

189 1533 322 1582 guendi
360 1542 475 1580 sunt,
514 1533 611 1570 dicta
642 1543 770 1571 sunto,
823 1531 978 1580 Saepius
1018 1532 1115 1570 enim
1151 1535 1307 1572 eundem

186 1605 418 1642 celerrimum
442 1604 638 1641 decursum
666 1603 704 1640 in
725 1602 806 1640 aliis
818 1601 1149 1641 observationibus
1166 1604 1309 1642 videbi-

1195 1685 1279 1712 mus
1294 1701 1306 1718 ‚

229 1737 459 1779 {1)Aufs·a“tze
472 1737 540 1766 und
552 1736 831 1776 Beobaclztungen
845 1755 854 1772 ,
871 1735 898 1765 1.
911 1734 964 1765 55.
987 1735 1039 1766 Cf.
1056 1736 1081 1766 C
1092 1735 1112 1765 h
1124 1737 1306 1768 ristisou

184 1791 411 1830 Ahhandlung
424 1801 457 1819 ιι.
470 1801 498 1819 ε.
511 1801 552 1819 w.
572 1800 603 1827 p.
618 1789 694 1820 542.

227 1844 281 1882 (2)
303 1845 354 1873 De
378 1843 534 1881 veneficio
573 1849 671 1872 caute
707 1843 932 1882 dffadicando.
967 1841 1168 1884 Schlegel
1193 1854 1308 1884 opusc·

183 1897 311 1929 IV·22.
335 1897 594 1927 Christison
616 1895 639 1924 l.
663 1906 692 1925 c.
715 1905 747 1933 p.
771 1895 843 1935 307.

226 1953 276 1994 (5)
301 1950 514 1981 Praetisclzes
538 1949 671 1979 Handh.
693 1961 726 1979 ιι.
741 1960 770 1980 S.
784 1960 823 1979 w.
845 1948 926 1978 ibid.

224 2006 272 2046 (4)
298 2004 440 2034 Henke
457 2025 466 2040 ,
506 2004 705 2044 Zeitsclzrift
735 2004 769 2044 f
803 2004 835 2034 d.
875 2004 1140 2034 Staatsarzneik.
1189 2005 1226 2036 B.
1252 2005 1302 2037 11.

180 2071 214 2099 p.
236 2059 308 2089 306.
331 2069 397 2098 seq.
411 2074 450 2081 —--
470 2056 550 2087 ibid.
581 2057 614 2087 B.
632 2056 674 2086 V.
689 2067 721 2095 p.
737 2057 808 2088 416.

224 2113 273 2152 (5)
298 2112 318 2140 1.
343 2122 371 2142 e.
395 2112 552 2141 Historia
575 2110 656 2140 Vn.
678 2120 711 2150 p.
735 2109 808 2140 356.

231 2167 279 2207 (6)
304 2166 474 2196 ,Elements
495 2165 681 2204 ofjuridic.
706 2165 825 2194 Medic.
852 2163 905 2193 68.
941 2161 1070 2193 Chris
1085 2163 1198 2194 tison
1222 2165 1305 2197 ibid.

230 2221 278 2259 (7)
305 2220 416 2257 Escay
439 2228 479 2246 on
501 2218 643 2247 mineral
656 2219 807 2258 poi-sons.
839 2216 1089 2248 Christiaon
1110 2218 1194 2250 ibid.

229 2276 277 2315 (8)
302 2273 322 2301 l.
347 2272 369 2303 l.
394 2271 434 2303 V.
460 2272 527 2301 505.
551 2270 812 2301 Christison.
837 2270 918 2303 ibid.
