1487 2625
270 181 299 216 4
634 164 1030 206 INTRODUCTIO.

274 276 463 315 Praeterea
486 274 612 323 plures
638 282 727 312 sunt
748 284 794 312 ex
816 274 979 322 antiquis
995 302 1008 322 ,
1038 274 1101 321 qui
1137 274 1386 323 pbilosopho-

276 357 359 383 rum
396 345 492 383 vitas
528 351 565 381 et
597 344 728 391 placita
763 343 980 389 retulerint,
1033 353 1075 380 ut
1124 344 1384 392 Diogenes

278 414 530 460 Laertius,
559 413 736 452 Sextus
759 413 1051 460 Empiricus‚
1079 411 1271 459 Cicero,
1298 411 1388 457 alii;

283 486 350 523 sed
390 484 429 522 hi
459 491 548 521 sunt
577 482 789 520 recentioris
815 481 941 519 aetatis
959 509 971 528 ,
999 493 1066 518 nec
1086 491 1230 528 semper
1257 492 1276 517 e
1303 480 1389 518 fon-

280 554 382 592 tibus
424 553 515 590 satis
554 551 626 590 fide
661 552 782 600 dignis
821 551 1020 588 hauserunt
1045 579 1058 597 ,
1095 551 1190 588 unde
1228 561 1295 587 nec
1329 550 1391 588 his

284 633 371 661 tuto
401 622 542 660 confidi
574 630 713 670 potest.
791 622 938 660 Praeter
971 621 1058 658 haec
1090 621 1212 658 omnia
1249 621 1393 669 igitur,

281 693 363 731 aliis
391 704 489 742 opus
513 702 569 730 est
591 691 843 729 monumentis
870 690 981 729 certis
1010 702 1051 728 ac
1075 691 1269 740 genuinis,
1298 702 1392 738 quae

284 773 394 800 nsum
439 770 627 810 praestent
680 760 796 799 veluti
840 760 973 808 lapidis
1013 760 1125 809 Lydii
1140 788 1153 807 ,
1196 761 1242 798 ad
1281 772 1405 819 quem¹

284 831 430 876 omnia,
472 842 565 879 quae
587 831 631 868 ab
656 830 819 877 antiquis
844 830 889 866 de
922 830 983 867 So
999 841 1018 867 c
1034 838 1135 867 rate
1168 831 1392 878 traduntur,

284 902 501 949 explorare,
529 910 565 938 et
588 912 632 938 ex
653 911 729 947 quo
749 899 793 936 de
816 899 1042 946 reliquorum
1067 909 1393 938 monumentorum

285 983 358 1009 usu
380 979 416 1009 et
439 970 511 1009 fide
530 970 694 1020 judicare
715 968 921 1018 possimus.
953 969 1147 1018 Ejusmodi
1159 979 1395 1008 monumenta

285 1042 347 1079 alii
371 1052 452 1079 esse
479 1040 607 1078 dicunt
636 1037 988 1087 Xenophontis
1016 1037 1177 1086 scripta,
1204 1039 1393 1087 speciatim

285 1110 577 1156 Memorabilia,
594 1110 654 1147 alii
669 1119 731 1147 aut
745 1109 954 1147 Platonis
968 1109 1103 1156 scripta
1114 1137 1127 1155 ,
1143 1118 1279 1156 autea,
1302 1121 1395 1157 quae

286 1180 599 1225 Aristoteles,
637 1179 716 1217 fere
750 1180 795 1216 ad
825 1179 1038 1216 Socratis
1077 1187 1229 1216 aetatem
1256 1179 1395 1227 pertin-

286 1260 377 1298 gens
393 1276 407 1296 ,
434 1249 479 1286 de
503 1260 548 1286 eo
570 1249 695 1286 tradit.
747 1248 798 1286 Hi
824 1259 956 1296 nempe
977 1248 1212 1294 existimant,
1239 1249 1395 1287 Xeno-

287 1320 510 1367 phontem
528 1346 541 1364 ,
581 1318 652 1355 etsi
689 1319 726 1355 in
759 1318 871 1355 rebus
898 1318 1046 1367 agendis
1071 1318 1163 1355 bene
1187 1328 1284 1356 esset
1312 1331 1394 1357 ver-

287 1398 415 1436 satu5‚
446 1389 596 1426 minime
618 1396 741 1426 tamen
765 1388 1032 1436 philosophico
1047 1388 1193 1435 ingenio
1207 1388 1393 1435 valuisse,

287 1459 339 1497 ita
373 1467 416 1497 ut
453 1458 647 1497 subtiliora
684 1467 721 1496 et
764 1458 1025 1507 philosophica
1064 1458 1227 1496 Socratis
1264 1458 1395 1506 placita

288 1528 386 1566 haud
409 1529 643 1577 perciperet,
684 1529 850 1576 adeoque
873 1540 912 1566 ea
937 1536 1000 1565 aut
1025 1529 1130 1576 plane
1155 1539 1231 1565 non
1257 1539 1396 1566 memo-

288 1607 413 1645 raret,
447 1608 511 1637 aut
538 1599 588 1637 ita
614 1606 863 1647 proponeret,
904 1606 945 1636 ut
973 1598 1095 1635 omnis
1125 1609 1249 1635 eorum
1274 1599 1330 1636 vis
1352 1609 1394 1637 ac

288 1668 440 1716 propria
490 1668 588 1706 ratio
633 1676 879 1706 evanesceret.
960 1668 1102 1712 Porro,
1147 1667 1392 1705 Socratem

290 1737 409 1774 multo
455 1738 592 1786 majora
641 1738 943 1785 philosophando
983 1737 1235 1784 praestitisse,
1286 1749 1395 1784 quam

289 1805 560 1853 Xenophon
593 1807 638 1844 de
679 1818 722 1843 eo
760 1807 904 1854 tradat,
944 1807 1027 1845 inde
1063 1817 1164 1845 certo
1193 1816 1316 1855 patere
1341 1807 1396 1845 di-

291 1884 409 1921 cunt,
451 1878 555 1923 quod
590 1885 678 1923 post
712 1877 960 1915 Socratem
987 1889 1084 1915 nova
1110 1879 1217 1925 plane
1243 1886 1324 1915 orta
1347 1879 1398 1916 sit

291 1944 583 1994 philosophandi
627 1945 747 1991 ratio,
787 1946 832 1983 ab
868 1958 936 1993 ea,
975 1958 1068 1994 quae
1104 1956 1206 1985 antea
1246 1945 1394 1994 fuerat,

293 2024 371 2052 tota
409 2027 474 2052 sua
517 2015 641 2052 indole
674 2016 816 2054 diversa
833 2044 845 2062 ,
887 2028 980 2064 quae
1012 2018 1084 2066 jam
1122 2016 1160 2054 in
1200 2017 1394 2055 Platone

291 2095 475 2120 summum
512 2084 672 2132 attigerit
703 2083 918 2132 fastigium,
957 2085 1123 2132 adeoque
1154 2092 1237 2122 ante
1269 2083 1392 2132 ipsum

239 2155 242 2159 '
291 2162 374 2190 nata
386 2164 467 2190 esse
482 2152 678 2201 debuerit;
706 2154 858 2200 deinde,
883 2155 985 2200 quod
1011 2165 1031 2190 e
1053 2154 1180 2190 schola
1206 2153 1391 2191 Socratica

291 2221 495 2269 prodierint
515 2231 634 2260 sectae
661 2223 972 2271 philosophorum
995 2222 1272 2269 celeberrimae,
1299 2233 1392 2270 quae

1317 2302 1393 2327 om-
