1487 2625
195 174 245 211 92
422 163 1084 205 COMMENTATIO

199 271 379 310 tutionem
415 272 646 310 arsenicalem
682 284 749 320 per
791 272 976 320 quoddam
1010 275 1188 322 temporis
1221 286 1309 324 spa·

199 341 293 380 tium
332 342 606 380 transmissum.
657 343 758 380 Ante
786 353 875 379 vero
906 343 1115 381 destruatur
1150 344 1309 391 liquoris

196 411 441 461 investigandi
475 420 604 449 natura
637 412 738 450 acida
766 423 832 460 per
858 413 1045 450 Potassam
1080 413 1310 461 causticam,

199 481 348 519 alcalina
371 492 460 519 vero
487 480 580 520 acidi
607 481 735 519 acetici
759 492 832 530 ope
859 481 956 530 (ι),
985 481 1205 530 acidumque
1233 494 1313 521 car-

196 551 374 589 bonicum
418 551 451 589 si
495 551 620 600 liquor
652 552 842 589 contineat
883 551 1010 600 (quod
1052 562 1096 589 ex
1138 550 1313 590 efferves-

198 621 319 659 centia
353 630 505 669 exorta‚
558 622 591 660 si
631 632 760 670 parcae
804 621 964 669 liquoris
994 618 1125 670 copiae
1165 621 1309 661 acidum

196 691 359 729 additum
381 690 495 730 fuerit
509 691 699 740 patebit),
714 703 782 740 per
802 691 1056 730 ebullitionem
1082 693 1311 740 expellatur,

197 771 245 797 ne
271 760 320 797 ob
347 760 532 810 triplicem
565 762 658 799 hanc
694 772 841 799 causam
879 761 1153 808 Sulphuretum
1190 768 1312 798 totum

199 837 377 877 quantum
396 857 410 878 ‚
437 832 498 868 vel
534 842 604 878 pro
634 839 739 880 parte
772 840 916 870 maneat
950 831 1131 870 solutum.
1186 830 1312 879 Ipsum

198 898 308 937 etiam
368 899 551 938 interdum
606 911 784 949 reagms,
837 900 870 937 si
919 901 1056 949 majore
1107 900 1314 948 quantitate

194 968 308 1008 fuerit
350 970 584 1019 adhibitum,
639 971 773 1009 liberae
815 970 1047 1019 praecipitati
1099 968 1314 1008 formationi

194 1040 497 1090 impedituentum
527 1041 655 1088 sistit,
695 1040 877 1089 imprimis
917 1040 949 1077 si
985 1050 1171 1077 venenum
1208 1040 1315 1078 valde

195 1109 246 1148 sit
279 1111 452 1149 dilutum.
505 1111 650 1148 Vitium
683 1119 804 1149 tamen
836 1111 926 1148 illud
966 1109 1186 1159 expulsione
1210 1109 1314 1157 gazis

196 1192 263 1229 per
288 1180 546 1218 ebullitionem
573 1180 702 1218 evitari
729 1180 855 1218 debet.

247 1250 364 1288 Hisce
400 1249 515 1298 igitur
548 1249 787 1287 cautionibus
823 1249 1061 1296 observatis,
1117 1248 1238 1287 oritur
1275 1249 1314 1288 in

195 1319 310 1369 oxydi
354 1319 526 1358 Arsenici
580 1320 769 1358 solutione
819 1321 924 1357 color
971 1331 1016 1358 ex
1061 1320 1158 1358 flavo
1213 1319 1316 1358 citri-

195 1401 269 1429 nus
297 1390 392 1439 (2),
451 1391 692 1440 eJusdemque
735 1389 875 1427 coloris
915 1388 1228 1437 praecipitatum,
1282 1390 1316 1428 si

197 1473 264 1511 per
297 1461 441 1508 aliquot
483 1469 631 1508 tempus
674 1460 827 1499 fluidum
866 1459 940 1497 sibi
978 1458 1091 1496 fuerit
1126 1459 1310 1498 relictum.

194 1531 316 1580 Cujus
345 1530 575 1580 praecipitati
610 1539 717 1568 ortus
751 1529 859 1568 facile
897 1529 1134 1578 explicatur,
1162 1539 1209 1568 ex
1233 1528 1315 1577 Hy-

1221 1599 1309 1636 dro-

243 1705 293 1747 (ι)
318 1706 400 1737 Cum
423 1704 549 1735 nullum
569 1703 666 1733 hocce
687 1701 812 1732 aeidum
835 1698 869 1729 iu
895 1697 1128 1737 Sulphuretum
1167 1698 1318 1729 Arseuici

199 1763 324 1790 exserat
341 1758 499 1789 actionem
523 1756 558 1785 id
583 1755 749 1794 speciatim
772 1753 922 1783 indicavi.
965 1750 1003 1782 si
1015 1751 1100 1782 sorte
1117 1751 1212 1781 nimis
1223 1761 1316 1791 mag-

197 1825 237 1845 na
259 1813 343 1844 acidi
368 1810 611 1852 hydrochlorici
636 1809 750 1847 copia,
783 1806 871 1847 quod
899 1805 938 1834 ab
965 1805 1035 1835 aliis
1061 1804 1233 1842 laudatur,
1256 1815 1315 1835 so-

198 1867 317 1898 lutioni
351 1867 464 1897 fuisset
507 1864 650 1904 adjecta,
686 1872 758 1892 eum
798 1860 998 1899 Sulphureto
1034 1857 1181 1888 Arsenici
1219 1857 1316 1888 simul

203 1921 350 1962 Sulphur
375 1930 526 1961 praeceps
551 1917 766 1957 dejiceretur,
800 1914 887 1955 quod
913 1918 1016 1944 tamen
1042 1912 1081 1941 ab
1106 1911 1164 1942 illo
1190 1912 1314 1952 sejungi

199 1977 304 2006 denuo
328 1978 436 2014 potest
453 1971 638 2003 Ammoniac
653 1969 818 1999 additione
828 1989 837 2004 ‚
864 1978 926 2007 qua
941 1970 1065 1996 tantum
1080 1964 1315 2004 Sulphuretum

200 2030 338 2062 solvitur
360 2032 477 2068 atque,
502 2025 670 2055 Ammonia
696 2022 780 2053 acidi
805 2032 865 2060 ope
890 2020 1043 2058 deinceps
1065 2021 1226 2055 saturata,
1247 2019 1316 2048 ite-

201 2095 273 2114 rum
297 2081 438 2121 separari
462 2084 494 2110 et
520 2077 683 2116 explorari
713 2080 832 2115 potest.
876 2075 929 2104 Cf.
959 2074 988 2104 O
1006 2072 1124 2104 rfila
1142 2093 1151 2110 ,
1185 2073 1314 2111 Leporis

201 2139 241 2168 de
261 2137 350 2167 Me'd.
373 2135 456 2174 leg„
479 2133 561 2162 Tom
588 2132 616 2161 1.
638 2142 670 2170 p.
693 2140 765 2161 ιιι.

245 2195 298 2227 (2)
322 2189 447 2219 Deficit
471 2187 555 2218 enim
578 2184 707 2217 ruboris
730 2182 918 2224 vestigium,
940 2180 1027 2223 quod
1041 2181 1074 2211 in
1087 2178 1196 2210 colore
1217 2187 1319 2209 areu-t

203 2245 288 2277 siaco
317 2241 474 2274 cernitur.
