1487 2625
474 200 856 250 ORATIO.
1177 194 1234 239 57

124 354 224 387 vero
261 339 456 397 antiquae
494 345 534 382 et
577 337 788 382 literatae:
834 319 1106 392 quae-studia
1135 339 1235 384 tua,

126 419 161 463 si
188 416 386 476 gentilitia
414 415 585 473 vestigia
612 428 744 474 porro
767 411 972 472 presseris
988 442 999 464 ‚
1032 410 1159 455 decus
1196 415 1239 452 te

127 494 281 539 facient
334 492 587 551 quandoque
637 498 678 535 et
722 488 978 549 praesidium
1015 484 1271 535 ecclesiaef

127 569 257 629 idque
289 569 366 614 tihi
393 555 586 630 publice,‘
629 567 727 611 hoc*
745 565 919 610 honoris
949 563 1126 623 pignore
1149 570 1242 606 tra-

131 648 220 693 dito
239 680 252 703 ,
282 661 493 694 vovemus,

565 738 804 799 (Musica.)

190 985 271 1029 Hic
292 985 370 1028 fuit
391 984 522 1029 exitus
544 982 627 1027 hoc
651 996 785 1036 anno,
812 982 1058 1037 Auditores,
1081 984 1123 1025 in
1148 998 1249 1027 aca-

139 1062 276 1106 demia
330 1068 475 1105 nostra
518 1060 705 1104 literatae
743 1060 1082 1105 concertationis.
1154 1061 1251 1104 Duo

93 1140 95 1142 ’
138 1138 325 1199 praemia
353 1138 514 1182 civibus
541 1137 697 1180 nostris
726 1144 964 1192 cesserunt5
1010 1138 1093 1182 duo
1118 1139 1252 1181 nostri

140 1216 250 1262 cives
289 1215 461 1276 publica
493 1201 616 1258 laude
657 1212 769 1272 digni
797 1214 967 1258 iudicati
1005 1221 1128 1269 sunt3
1170 1229 1254 1258 una

140 1300 304 1337 tantum
345 1292 488 1350 palma
529 1290 653 1335 cessit
693 1290 987 1348 Groninganae
1017 1291 1256 1335 academiae

143 1371 325 1415 alumno,
385 1369 580 1414 Vestrum
604 1367 706 1420 erit,
737 1367 907 1424 juvenes
929 1367 1184 1425 Trajecfini,
1213 1369 1258 1411 id

142 1461 369 1506 repensare
401 1445 681 1503 quandoque3
712 1444 871 1489 interea
897 1459 998 1488 vero
1024 1452 1064 1489 et
1091 1444 1160 1488 hic
1184 1459 1259 1489 vos

143 1525 277 1570 laudis
326 1530 365 1568 et
414 1522 612 1567 victoriae
657 1520 838 1565 stadium
866 1521 1038 1565 invitat:
1082 1521 1260 1581 accipite

145 1598 276 1647 novas
303 1600 593 1659 quaestiones,
622 1598 668 1642 in
690 1612 845 1664 annum
872 1599 1262 1657 proximum'prae-

145 1681 323 1724 miorum
361 1676 593 1722 materiam.

405 1792 717 1846 QUAESTIO
744 1792 1012 1838 MEDICA.

216 1912 498 1963 Quaeritur,
529 1928 727 1968 quanam.
755 1914 803 1954 in
827 1928 878 1954 re
901 1912 1122 1968 differant
1146 1912 1266 1952 acti-

155 2000 260 2027 ones
284 1986 555 2035 nervorum,
586 1999 700 2039 qaas
708 1999 803 2039 per
820 1984 886 2024 sic
903 1985 1077 2025 dictam
1100 1982 1268 2035 reflex—

157 2071 234 2099 um
263 2055 381 2109 fleri
414 2054 709 2096 Recentiores
755 2056 1040 2105 docuerant,
1081 2054 1137 2093 ab
1189 2068 1271 2093 ac·-

158 2126 356 2168 tionibus
388 2126 712 2167 involuntariis
751 2126 931 2166 stimuli
959 2125 1272 2180 applicatione

159 2198 332 2240 directe
367 2197 663 2251 provocatis,
705 2203 748 2237 et
789 2211 1012 2252 quaenam
1056 2196 1273 2250 inprimis·

157 2268 469 2325 phaenomena
508 2268 606 2313 illis
644 2268 874 2322 explicari
905 2267 1104 2322 possint.
