1487 2625
239 207 288 246 60
462 207 1126 249 COMMENTATIO

240 317 287 355 lia
307 345 319 363 ‚
346 328 429 356 cum
457 315 702 364 crystallisata
731 326 820 355 sunt
845 319 984 358 elevata
1003 328 1246 368 temperatura
1271 323 1347 360 sol-

239 395 403 434 vuntur;
445 385 571 434 prouti
596 387 749 434 sulphas
773 387 942 426 chininae
965 398 1000 427 et
1018 389 1132 428 nitras
1157 390 1346 431 brucinae.

726 527 762 574 S.
816 538 857 574 9.

306 674 366 712 De
392 673 555 714 Creoson‘
580 675 758 713 relatione
785 675 837 713 ad
857 685 1015 727 corpora
1041 687 1138 727 quac
1163 688 1277 727 neque

502 744 655 782 alcalice
681 757 744 782 nec
769 743 873 783 acide
898 754 1075 796 rcagunt.

286 867 534 915 Saccharum‚
562 878 629 906 nec
670 879 749 907 non
777 869 990 907 saccharum
1027 867 1133 907 lactis
1157 896 1171 916 ‚
1206 868 1344 906 nullam

237 936 373 976 habent
404 936 611 976 affinitatem
643 938 688 976 acl
720 938 966 977 Creosotum.

286 1007 378 1046 Olea
422 1008 628 1046 essentialia
674 1009 954 1058 conjunguntur
997 1019 1083 1046 cum
1130 1006 1347 1054 Creosoto‚

235 1085 378 1125 praeter
426 1079 547 1116 oleum
591 1077 921 1125 therebenthinae,
960 1078 1065 1125 quod
1112 1088 1192 1116 non
1239 1075 1346 1115 facile

232 1158 318 1185 cum
352 1148 513 1186 Cresoto
541 1147 801 1197 coniungitur.

286 1217 498 1266 Camphora
532 1216 704 1255 facillime
735 1217 773 1254 in
801 1219 987 1257 Creosoto
1027 1214 1214 1262 solvitur,
1242 1223 1349 1253 motu

234 1288 430 1326 rotatorio.
482 1288 524 1325 In
556 1287 623 1324 hac
647 1287 835 1325 solutione
860 1285 1034 1324 calefacta
1051 1313 1064 1333 ‚
1092 1286 1209 1334 major
1236 1285 1344 1324 etiam

232 1357 453 1405 camphorae
488 1356 674 1404 quantitas
712 1355 808 1394 solvi
847 1364 996 1404 potest,
1047 1355 1112 1393 sed
1155 1353 1344 1403 refrigerio

233 1426 374 1464 solutio
422 1435 585 1464 mutatur
624 1426 661 1464 in
694 1425 877 1464 materiam
902 1424 1171 1463 consolidatam
1201 1423 1345 1472 opales·

233 1506 393 1535 centem.

284 1567 568 1615 Colophonium
602 1565 763 1603 solvitur
797 1564 954 1613 frigide,
996 1563 1049 1601 uti
1088 1563 1194 1600 etiam
1222 1562 1345 1612 galba·

232 1647 321 1674 nnm
358 1635 509 1685 (bubon
534 1636 778 1684 galbanum),
806 1634 995 1683 guaiacum
1022 1632 1236 1681 (guaiacum
1263 1633 1343 1672 offi-

233 1704 372 1752 cinale)
421 1703 564 1742 Mastix
608 1704 779 1753 (pistatia
810 1703 1039 1752 lentiscus),
1100 1703 1341 1742 Sandaracum

233 1775 396 1825 <Thuya
432 1775 657 1823 articulata),
712 1774 912 1813 Solutione
934 1781 1054 1811 autem
1089 1773 1229 1811 resinae
1252 1772 1345 1812 Ani-

233 1857 291 1883 me
304 1846 545 1897 (Hymenaea
557 1844 780 1892 Courbaril)
805 1853 918 1892 atque
932 1844 1055 1883 Elemi
1082 1843 1257 1893 (Amyris
1270 1845 1342 1882 ele-

231 1914 382 1963 mifera)
419 1927 504 1964 pars
541 1923 718 1952 remanet.

285 1986 490 2024 Balsamum
515 1985 671 2033 copaiva
698 1984 910 2034 (copa'ifera
947 1984 1162 2033 officinalis)
1179 2013 1192 2032 ‚
1220 1984 1342 2022 Balsa·

234 2068 334 2094 mum
383 2055 658 2094 terebenthinae
711 2055 845 2104 (pinus
880 2054 978 2092 abies
1023 2063 1059 2092 et
1093 2053 1338 2102 sylvestris),

234 2125 440 2164 Balsamum
484 2126 637 2164 Meccae
659 2124 832 2174 (Amyris
858 2125 1191 2174 opobalsamum),
1220 2123 1344 2161 Balsa-

235 2207 332 2232 mum
366 2196 489 2242 Peru,
532 2196 800 2243 (Myroxylum
824 2194 1088 2244 peruvianum)
1108 2195 1342 2243 conjungun-

235 2273 296 2302 tur
330 2276 414 2302 cum
442 2266 645 2303 Creosoto.

1265 2332 1336 2370 Re-
