1487 2625
527 194 878 241 MEDICA.
1220 204 1261 231 11

148 305 300 342 horrore
334 311 369 342 et
403 305 586 342 anxietate
625 312 762 351 pectus
802 302 1011 349 stringente
1042 300 1262 349 corripitur.

146 376 273 413 Atrox
294 374 433 412 accedit
456 374 493 412 in
519 374 670 422 regione
694 371 956 421 hypogastrica
985 372 1118 417 dolor,
1148 370 1266 407 ustio-

145 455 229 484 nem
257 445 435 483 internam
469 445 645 482 simulans
677 451 790 491 atque
822 442 1013 491 pressione
1043 451 1265 489 magnopere

144 522 292 554 auctus.
370 515 545 553 Faucium
577 514 725 552 siccitas
764 521 799 550 et
835 513 943 550 ardor
969 512 1266 550 haeccomita‘n-

146 593 236 633 tur,
263 596 467 632 eorumque
487 584 705 621 constrictio
732 582 992 631 spasmodica‚
1020 592 1116 630 quae
1132 581 1264 630 ingens

145 659 354 702 provocant
381 662 537 702 potuum
567 652 817 699 desiderium,
857 651 977 690 rarius
1017 651 1192 690 deficiens
1222 663 1267 690 et

144 725 209 763 tali
243 725 386 762 ratione
409 724 593 761 interdum
630 731 807 768 auctum,
838 733 879 760 ut
910 722 1071 770 simplici
1102 723 1266 770 liquido-

145 805 228 832 rum
258 795 434 843 adspectu
471 793 734 832 suffocationis
773 803 894 831 metus
928 793 1094 838 oriatur,
1145 795 1266 831 vomi-

144 872 284 913 tusque
317 864 567 903 convulsivus
604 854 846 913 producatur.
942 864 1094 902 Interim
1135 873 1262 902 ructus

144 935 393 974 observantur
431 944 467 972 et
503 934 680 972 continua
711 933 886 971 vomendi
918 933 1141 980 conamina,
1179 944 1263 970 cum

145 1015 238 1042 voce
261 1013 369 1043 rauca
393 1014 428 1042 et
449 1003 625 1052 impedita
647 1004 831 1041 interdum
857 1004 1020 1051 loquela.
1087 1002 1265 1041 Vomitus

144 1076 289 1115 tandem
316 1074 435 1112 oritur
465 1075 613 1122 saepius
636 1073 816 1121 repetitus
831 1100 844 1120 ‚
888 1084 965 1120 quo
993 1073 1142 1110 materia
1167 1073 1267 1124 ejici-

144 1155 206 1184 tur
231 1157 274 1183 ex
301 1145 670 1191 flavo-viridescens‚
687 1144 847 1189 foetida,
871 1143 1055 1181 interdurn
1078 1151 1114 1180 et
1138 1143 1266 1191 nigra,

144 1215 243 1253 haud
269 1225 350 1252 raro
377 1218 555 1264 sanguine
582 1214 720 1261 mixta3
748 1212 961 1262 praesertim
985 1213 1044 1258 si,
1071 1214 1145 1251 vita
1171 1223 1267 1251 non-

144 1287 230 1322 dum
249 1284 408 1323 extincta
425 1313 436 1330 ‚
459 1287 552 1323 ultra
574 1285 668 1322 diem
686 1283 923 1332 protrahatur
945 1284 1113 1322 morbus.
1144 1284 1265 1321 Alvus

146 1363 202 1392 est
235 1355 443 1402 constipata
480 1363 516 1392 et
552 1354 651 1402 aegri
685 1354 861 1392 tenesmis
887 1353 1092 1391 dolorificis
1117 1354 1267 1400 illisque

145 1425 292 1472 saepius
326 1424 598 1462 revertentibus
621 1425 665 1462 ad
688 1425 767 1472 ejus
789 1423 1014 1462 solutionem
1038 1423 1264 1471 incitantur-3

143 1495 203 1532 vel
224 1504 259 1531 et
280 1493 435 1541 profusa
465 1494 587 1530 oritur
610 1493 824 1540 diarrhoea,
850 1503 936 1530 cum
965 1503 1037 1530 ano
1065 1502 1174 1539 saepe
1204 1503 1266 1529 ex-

143 1564 284 1602 coriato
316 1564 477 1602 validum
514 1572 744 1611 provocante
778 1563 960 1601 dolorem.
1040 1562 1265 1601 Abdominis

144 1633 327 1672 cruciatus
364 1634 594 1671 vehementia
629 1633 728 1672 aucti
770 1633 977 1682 ingruunt,
1017 1640 1158 1680 atque,
1188 1632 1266 1682 igni

143 1703 245 1742 intus
279 1705 513 1741 comburenti
551 1712 741 1751 utcunque
772 1702 1037 1750 comparandi,
1069 1703 1263 1752 -majorem

145 1782 332 1823 occupant
358 1773 567 1812 abdominis
596 1783 760 1822 partem,
793 1772 974 1822 imprimis
999 1774 1034 1812 si
1059 1772 1181 1812 valida
1203 1775 1266 1813 ad-

145 1845 195 1882 sit
221 1843 412 1882 diarrhoea
428 1871 440 1889 ‚
467 1853 531 1883 aut
559 1844 714 1882 tenesmi
739 1845 986 1883 observentur
1010 1844 1261 1883 vehementes.

147 1915 286 1954 Venter
309 1915 490 1953 interdum
525 1915 736 1962 prominet,
764 1926 873 1963 saepe
899 1926 1015 1963 vero,
1040 1915 1183 1953 carinae
1209 1915 1265 1952 in-

145 1993 242 2033 star,
271 1986 316 2023 ad
351 1984 535 2021 vertebras
567 1993 664 2021 retro
696 1992 849 2022 tractum
885 1993 1050 2033 apparet.
1129 1985 1264 2031 Neque

145 2066 227 2093 raro
273 2055 518 2093 observantur
558 2053 687 2102 signa,
726 2066 822 2101 quae
859 2054 1060 2092 notabilem
1100 2054 1263 2092 indicant

143 2125 361 2173 pulmonum
391 2133 427 2161 et
451 2125 630 2161 ductuum
657 2124 895 2162 aeriferorurn
918 2125 1131 2163 laesionem.
1169 2125 1263 2162 Res·

143 2192 280 2241 piratio
305 2194 401 2232 enim
437 2179 497 2231 est¹
519 2194 642 2232 brevis
675 2203 710 2231 et
738 2195 961 2242 accelerata,
988 2204 1101 2243 atque
1132 2196 1263 2232 dolore

144 2263 306 2312 pectoris
351 2264 490 2303 obtuso
542 2265 739 2312 pulmones
774 2265 889 2303 veluti
937 2265 1262 2314 constringuntur.

1185 2335 1263 2372 An-
