1487 2625
504 182 852 221 MEDICA.
1188 184 1235 230 89

129 291 189 331 vel
202 289 344 329 minore
356 291 560 338 quantitate
570 319 583 338 ‚
594 291 791 340 splendore
807 290 968 339 praedita
978 298 1036 328 est
1049 298 1163 338 atque
1176 301 1240 328 co-

126 363 207 401 lore
219 373 264 401 ex
273 361 357 400 albo
372 362 492 411 griseo
505 391 517 409 ,
532 361 702 410 quamvis
715 363 782 400 hac
797 361 1074 406 conditione,si
1087 360 1158 398 sub
1173 360 1242 397 mi-

128 432 326 481 croscopio
345 433 599 481 conspiciatur
611 461 623 480 ,
638 433 872 481 splendorem
888 431 1039 469 omnino
1054 430 1240 469 exhibeat.

128 502 281 554 Quibus
299 503 417 551 signis
450 511 576 542 crusta
598 503 778 541 metallica
807 501 932 540 differt
972 501 1017 540 ab
1052 513 1119 549 ea,
1149 513 1244 550 quae

127 573 290 612 carbone
319 573 517 621 aliquando
543 573 790 621 producitur,
818 583 903 609 cum
943 571 1055 621 hujus
1079 583 1164 620 pars
1187 571 1245 608 in·

128 651 232 681 terna
276 654 431 681 massam
468 643 576 682 sistat
620 643 915 691 pulverulentam
963 651 1075 690 atque
1116 643 1245 680 colore

126 713 239 753 fusco
263 713 469 761 imbutam,
507 712 685 761 omnique
717 712 916 761 splendore
948 724 968 750 a
1001 721 1104 761 parte
1132 712 1245 750 inter·

129 795 177 823 na
199 784 429 822 destitutam.
482 783 642 822 Nullum
679 795 818 831 corpus
847 792 990 831 praeter
1018 783 1243 821 Arsenicum

130 855 232 893 notis
254 854 327 892 illis
360 855 508 893 videtur
533 854 774 892 instructum.
824 853 987 902 Insuper
1016 853 1077 891 illa
1111 854 1245 902 signa,

131 936 226 973 quae
266 933 372 963 antea
405 924 673 972 exposuimus,
696 933 840 963 crustae
875 924 1039 962 indolem
1067 924 1251 962 arsenica-

126 996 197 1033 lem
219 995 375 1033 ulterius
389 1023 401 1042 ,
417 995 448 1033 si
469 1006 565 1043 opus
595 996 644 1032 sit
661 1023 674 1041 ,
689 995 908 1033 confirmare
931 1005 1093 1043 possunt
1107 1021 1120 1041 ,
1133 1006 1246 1041 quor-

128 1076 211 1102 sum
251 1072 288 1102 et
313 1072 458 1113 spectat
486 1064 586 1102 illius
613 1064 770 1102 mutatio
794 1065 833 1102 in
860 1065 1023 1113 oxydum
1049 1063 1245 1112 Arsenici,

130 1145 203 1182 ope
223 1134 344 1172 calore
369 1134 505 1173 sensim
529 1134 627 1172 aucti
645 1162 657 1180 ,
673 1145 750 1182 quo
771 1133 809 1172 in
832 1134 926 1171 tubo
946 1135 1117 1172 oriuntur
1143 1146 1251 1183 crys-

131 1204 216 1242 talla
227 1203 430 1242 octaedrica
446 1205 557 1242 oculo
569 1215 680 1252 saepe
701 1205 802 1243 nudo
826 1205 885 1243 vel
901 1204 1062 1253 simplici
1078 1206 1176 1243 lente
1191 1205 1249 1243 in-

133 1283 278 1312 structo
296 1274 513 1322 conspicua.
534 1275 566 1313 C
581 1275 607 1312 h
620 1275 716 1312 rist
730 1274 771 1313 is
786 1287 809 1313 o
822 1286 846 1313 n
860 1276 949 1314 haec
972 1277 1144 1324 crystalla
1159 1287 1249 1324 pro·

131 1344 217 1383 duci
235 1344 328 1383 vidit
345 1345 514 1392 quamvis
538 1354 686 1385 crustae
705 1346 906 1384 metallicae
933 1346 1080 1394 pondus
1109 1348 1153 1396 316
1171 1357 1251 1393 gra-

133 1415 173 1452 ni
209 1425 288 1453 non
324 1425 514 1464 superaret
545 1415 616 1465 (ι)
643 1415 779 1462 illaque
805 1415 915 1453 lentis
940 1427 1012 1464 ope
1047 1416 1138 1453 mihi
1161 1427 1252 1454 con-

132 1485 277 1535 spicere
303 1485 459 1534 contigit
489 1497 614 1525 crusta
645 1487 732 1524 licet
755 1488 802 1537 33¹3
823 1485 926 1534 grani
955 1487 1054 1524 haud
1072 1487 1252 1525 exceden-

134 1564 187 1595 te.
240 1555 462 1604 Requiritur
483 1565 605 1594 autem
638 1566 681 1594 ut
707 1557 840 1604 partim
874 1556 1009 1594 vitrum
1035 1566 1119 1594 ante
1158 1568 1253 1605 oxy·

135 1623 175 1663 di
205 1624 504 1664 sublimationem
544 1625 696 1663 minime
729 1625 984 1672 incandescat,
1027 1625 1114 1672 quia
1143 1625 1251 1664 facile

135 1696 189 1734 sic
233 1696 351 1734 oritur
390 1697 504 1745 oxydi
548 1695 746 1744 ipsiusque
795 1695 881 1733 vitri
928 1695 1159 1736 combinatio
1198 1696 1251 1734 al-

138 1766 186 1804 ba
217 1774 254 1804 et
275 1777 419 1817 opaca,
446 1766 578 1814 partim
613 1778 730 1813 vero,
770 1775 810 1803 ut
845 1765 930 1803 tubi
956 1765 1172 1812 superficies
1193 1764 1252 1802 in-

135 1847 240 1876 terna
274 1836 378 1874 fluxu
415 1847 491 1874 non
522 1836 572 1874 sit
605 1846 721 1884 tecta,
755 1848 839 1874 cum
875 1837 987 1885 hujus
1014 1835 1119 1873 alcali
1144 1836 1252 1875 facile

134 1917 219 1945 cum
254 1906 384 1954 oxydo
417 1917 498 1944 sese
517 1907 647 1955 J'ungat
668 1935 681 1952 ,
706 1915 819 1953 atque
852 1907 968 1954 magis
993 1906 1163 1944 minusve
1190 1917 1251 1944 ex-

135 1975 332 2025 perimenti
360 1984 530 2014 eventum
565 1975 762 2026 turbaret3
789 1988 861 2023 qua
891 1984 1045 2025 propter
1081 1976 1169 2014 mihi
1195 1977 1253 2014 vi-

135 2047 272 2093 detur,
300 2046 355 2083 in·
377 2045 496 2094 ipsius
529 2046 662 2083 metalli
693 2045 929 2085 restitutione
954 2045 1129 2085 carbonis
1154 2045 1254 2083 frus-

136 2116 256 2158 tulum
281 2127 368 2164 prae
394 2115 497 2154 fluxu
524 2125 608 2153 esse
637 2115 873 2154 laudandum.

1159 2188 1191 2235 §·
1215 2198 1250 2233 7·

176 2268 230 2308 (ι)
256 2266 569 2307 Christison,
592 2271 616 2300 1.
638 2279 665 2300 c.
688 2280 720 2308 p.
743 2268 812 2299 255.
