1487 2625
386 196 979 240 THEOLOGICA.
1186 203 1233 241 75

126 323 163 353 et
204 311 523 362 proprietatibus,
564 310 750 347 videamus
772 335 784 353 ,
823 315 1016 354 quamnam
1056 302 1129 341 sibi
1159 302 1236 340 So-

125 392 280 424 crates
308 381 562 422 informaverit
588 379 659 417 Dei
685 376 889 415 notionem.
1152 420 1155 423 Ι

175 454 239 494 Ad
276 455 375 492 hunc
418 454 541 489 locum
583 449 739 498 primum
778 446 964 494 pertinet,
1005 452 1046 481 ut
1078 434 1240 490 inquira-

125 536 210 564 mus
228 552 241 570 ,
276 535 370 569 2num
398 523 617 560 Socrates
645 530 759 557 unum
787 529 868 554 esse
892 518 1008 561 Deum
1039 511 1238 559 statuerit,

127 605 174 640 an
200 605 290 632 vero
317 594 458 641 plures.
511 591 564 630 Et
587 600 673 627 sane
698 588 838 637 gaudeo
857 615 869 633 ,
909 585 1012 633 quod
1042 574 1239 630 inquisitio

127 675 211 712 eum
235 662 406 702 habuerit
432 661 570 700 exitum
587 687 599 707 ,
637 668 678 697 ut
704 665 881 702 constet,
921 654 1107 702 egregium
1134 652 1236 689 illum

127 734 248 780 v-irum
276 744 295 778 a
319 731 571 781 polytheismo
595 740 635 768 se
657 728 816 766 erexisse
837 728 879 764 ad
898 723 1240 768 monotheismum,

119 802 199 841 ¹etsi
221 802 405 850 impurum
429 801 625 839 etiamnum
655 807 689 835 et
713 797 831 836 avitae
859 793 1142 844 superstitionis
1159 801 1241 830 ves-

128 870 231 920 tigiis
267 870 590 908 commaculatum.
641 867 739 905 Nam
782 865 934 913 agnovit
967 874 1082 902 unum
1119 863 1241 900 Deum

130 951 391 995 supremum,
414 938 579 977 omnium
619 948 739 975 rerum
784 943 974 984 parentem
1016 942 1052 970 et
1092 942 1243 970 conser-

129 1020 319 1059 vatorem,
353 1012 480 1059 plures
502 991 624 1046 autem
651 1009 684 1045 ei
708 1004 876 1055 adJ'unxit
900 1006 1001 1043 Deos
1030 1001 1240 1040 inferiores.

129 1082 214 1132 Qua
249 1083 294 1120 de
331 1092 369 1118 re
405 1091 503 1119 unus
541 1087 683 1116 tantum
734 1076 833 1125 apud
882 1063 1240 1122 Xenophontem

130 1158 248 1190 exstat
274 1151 380 1188 locus
408 1150 593 1195 disertus,
627 1149 653 1185 l.
678 1147 747 1185 IV.
776 1159 811 1183 c.
842 1153 891 1192 3,
919 1147 958 1193 §.
979 1156 1040 1193 13,
1077 1143 1140 1181 ubi
1166 1143 1243 1180 So-

130 1229 284 1259 crates
312 1219 508 1269 distinguit
531 1219 691 1267 reliquos
715 1217 836 1262 Deos,
864 1217 930 1264 qui
951 1215 1047 1252 nobis
1072 1211 1245 1260 beneficia

128 1290 337 1342 praebeant
350 1303 368 1336 ,·
400 1298 436 1327 et
460 1300 572 1327 unum
596 1288 703 1325 illum
729 1287 896 1324 universi
916 1287 1028 1322 totius
1055 1293 1242 1321 auctorem

130 1369 165 1399 et
191 1367 500 1404 conservatorem.
544 1358 615 1395 Sed
641 1357 742 1404 quod
764 1366 862 1393 unus
889 1354 947 1395 hic
972 1355 1079 1391 locus
1105 1352 1245 1391 diserte

104 1446 106 1449 ’
130 1429 377 1479 pronuntiat,
405 1429 500 1467 idem
522 1427 667 1476 egregie
683 1426 829 1464 aliunde
857 1423 1109 1462 confirmatur.

179 1499 275 1538 Nam
309 1498 480 1536 universa
507 1496 717 1535 Socratis
744 1495 912 1533 doctrina
937 1492 1040 1530 ducit
1065 1493 1110 1530 ad
1135 1493 1245 1529 unius

130 1569 203 1609 Dei
243 1568 450 1606 notionem.
515 1551 666 1614 Causa,
710 1576 805 1614 quae
834 1564 1000 1613 reliquos
1026 1563 1176 1602 adduxit
1201 1562 1246 1599 ad

133 1640 236 1678 Deos
267 1639 393 1686 plures
427 1638 630 1684 colendos,
671 1637 757 1674 haec
796 1635 977 1684 imprimis
1009 1643 1107 1680 erat,
1143 1633 1246 1680 quod

132 1717 196 1752 aut
227 1709 310 1747 Deo
348 1720 494 1746 summo
530 1707 721 1754 indignum
747 1707 946 1751 haberent,
976 1703 1097 1742 omnia
1120 1713 1246 1740 curare

134 1788 170 1817 et
196 1781 241 1817 ad
270 1778 418 1816 minima
458 1789 624 1826 quaeque
661 1777 906 1822 descendere,
944 1784 1008 1812 aut
1042 1785 1118 1811 non
1156 1783 1246 1820 pos-

134 1858 217 1892 sent
256 1857 378 1887 mente
419 1859 547 1896 parum
588 1848 731 1886 exculta
768 1846 839 1884 sibi
885 1843 1082 1883 informare
1122 1842 1247 1880 notio-

132 1930 215 1957 nem
242 1918 300 1958 vis
325 1926 474 1964 tantae,
514 1928 607 1963 quae
632 1928 730 1962 una,
772 1916 835 1953 uni
860 1925 1041 1964 personae
1070 1911 1245 1961 propria,

131 1989 255 2026 omnia
293 1989 587 2036 amplecteretur.
641 1986 743 2024 Haec
780 1994 901 2023 autem
940 1994 1049 2022 causa
1093 1983 1130 2020 in
1169 1983 1246 2020 So-

130 2067 257 2101 crate
297 2069 374 2096 non
411 2057 558 2096 aderat:
599 2067 707 2094 unam
746 2056 839 2095 enim
868 2053 1093 2103 agnoscebat
1115 2052 1245 2101 provi-

133 2129 321 2175 dentiam,
362 2129 511 2174 omnia,
552 2136 622 2165 tam
663 2136 791 2175 magna
828 2136 934 2172 quam
962 2136 1102 2173 parva,
1144 2134 1246 2161 com-

131 2182 382 2247 plectentem,
438 2209 547 2235 unam
597 2208 720 2234 curam
771 2196 933 2235 divinam
983 2195 1022 2232 in
1071 2192 1245 2231 omnibus

134 2268 340 2316 efficacem
380 2269 544 2315 adeoque
582 2269 692 2305 causa
727 2265 900 2313 sublata,
938 2263 1128 2314 probabile
1161 2271 1244 2307 est,

1207 2343 1245 2369 in
