1487 2625
235 232 283 267 50
462 214 1122 256 COMMENTATIO

239 327 396 365 maxime
422 334 662 362 venerentur:
693 325 794 360 nullo
821 326 940 360 autem
969 324 1079 360 modo
1108 322 1184 360 fieri
1212 334 1354 371 posse,

240 407 280 434 ut
302 396 451 433 tamdiu
478 396 514 431 in
539 405 660 431 errore
673 395 840 430 homines
861 401 1080 438 versentur,
1108 403 1351 439 necunquam

241 466 470 512 intelligant,
526 475 565 501 se
610 463 746 510 decipi.
811 463 982 509 Denique
1029 462 1122 498 idem
1161 463 1295 510 probat
1329 473 1356 500 'e

240 535 513 582 comparatione
540 533 648 569 animi
676 531 851 569 humani:
903 561 926 579 „
956 531 1176 578 Attende‚”
1203 532 1323 579 inquit
1340 561 1353 579 ,

244 631 267 650 „
294 615 317 641 ο
345 603 468 640 bone!
498 603 542 640 ad
568 612 726 639 mentem
757 602 837 649 ipse
863 611 987 639 tuam:
1018 603 1109 639 hanc
1142 602 1245 639 vides
1273 613 1355 639 cor-

243 701 267 720 „
294 685 366 722 pus
400 685 534 719 tuum,
581 674 640 710 cui
676 673 800 717 inest,
850 673 894 709 ad
933 673 1162 709 voluntatem
1203 682 1354 719 regereg

244 772 268 791 „
295 744 463 782 similiter
490 743 769 781 existimandum
811 751 892 787 est,
935 752 1092 778 mentem
1128 752 1230 788 eam,
1263 752 1358 790 quae

245 842 268 862 ‚‚
295 824 405 852 omne
427 814 641 850 universum
669 813 858 860 pervadit,
889 811 1011 848 onmia
1037 813 1082 849 ad
1109 811 1253 850 libitum
1280 813 1358 849 dis-

240 912 268 932 .„
294 895 444 932 ponere.
511 884 562 921 Et
609 894 724 930 quum
774 883 908 920 oculus
946 892 1033 919 tuus
1074 891 1184 929 queat
1224 883 1357 929 procul

244 981 269 1001 ‚‚
294 953 529 1002 prospicere,
558 953 779 998 animusque
808 962 895 989 tuus
923 960 957 988 et
985 963 1078 999 quae
1104 952 1170 990 hac
1196 952 1234 989 in
1261 952 1358 999 regi-

244 1052 268 1071 „
295 1034 395 1069 one,
435 1032 471 1060 et
509 1033 602 1069 quae
640 1021 677 1057 in
719 1022 918 1069 Aegypm,
956 1030 991 1058 et
1028 1033 1120 1069 quae
1157 1022 1195 1059 in
1232 1021 1357 1060 Sicilia

244 1120 268 1140 „
295 1102 405 1138 sunt,
435 1092 546 1129 simul
568 1091 793 1137 cogitatione
813 1092 981 1139 amplecti
1010 1092 1159 1140 possit:
1187 1102 1263 1129 non
1290 1093 1356 1129 mi·

245 1189 269 1208 „
295 1173 384 1199 nora
402 1161 546 1200 divinae
569 1171 717 1198 naturae
739 1161 899 1198 tribuere
926 1160 1033 1207 licet,
1058 1162 1123 1198 sed
1143 1162 1355 1199 existiman·

244 1259 268 1278 ,‚
295 1232 380 1268 dum
421 1239 506 1275 est,
547 1231 694 1267 oculum
736 1230 840 1277 quasi
882 1229 1045 1267 divinum
1083 1231 1206 1268 omnia
1244 1232 1354 1271 simul

244 1328 268 1347 ,‚
295 1301 443 1346 videre,
471 1309 628 1337 mentem
655 1299 815 1336 divinam
842 1299 964 1336 omnia
989 1299 1144 1336 curare”
1170 1299 1257 1348 (1).

289 1371 471 1409 Ultimum
510 1370 582 1407 hoc
617 1377 899 1416 argumentum,
938 1371 1038 1416 quod
1065 1369 1255 1407 concludit
1282 1371 1350 1409 νίἄ

240 1442 486 1486 eminentiae,
526 1451 619 1486 quae
656 1439 821 1485 dicitur,
877 1451 920 1476 ex
954 1448 1081 1477 natura
1112 1441 1269 1478 humana
1307 1441 1354 1478 ad

238 1518 404 1547 naturam
440 1509 627 1555 divinam,
667 1510 826 1556 pertinet
853 1511 897 1547 acl
930 1509 1199 1556 providentiam
1221 1539 1233 1557 ‚
1273 1521 1352 1548 om-

239 1590 321 1617 nem
363 1591 481 1616 rerum
524 1579 795 1616 universitatem
845 1580 1176 1626 complectentem3
1229 1580 1353 1626 priora

241 1657 378 1685 tantum
403 1649 446 1685 ad
469 1648 636 1684 homines
652 1676 664 1694 ‚
681 1658 864 1693 tamquam
881 1659 989 1684 curae
1006 1647 1151 1685 divinae
1165 1649 1349 1698 obJ'ectos.

291 1718 404 1754 Hisce
432 1717 637 1764 expositis,
669 1717 890 1753 Socrates
913 1718 958 1753 ad
980 1718 1239 1766 experientiam
1264 1731 1350 1768 pro-

239 1797 346 1824 vocat
373 1798 498 1823 eorum
515 1814 527 1832 ‚
557 1786 620 1832 qui
648 1787 748 1823 Deos
778 1786 947 1833 religiose
973 1790 1117 1827 colunt.
1161 1817 1185 1836 „
1212 1789 1350 1837 Quem-

244 1884 268 1903 „
292 1857 511 1900 admodum,
537 1855 685 1901 inquit,
716 1854 901 1892 beneficiis
932 1857 1159 1903 praestandis
1188 1868 1349 1905 cognos-

243 1955 266 1974 „
292 1927 344 1963 cis
373 1937 459 1969 eos,
489 1925 552 1971 qui
581 1925 755 1962 beneficia
782 1923 914 1961 referre
935 1926 1094 1972 volunt,
1126 1935 1162 1964 et
1179 1927 1347 1965 consiliis

244 2023 267 2042 ‚‚
296 1996 467 2042 rogandis
492 1995 709 2042 prudentes:
739 1995 786 2030 ita
811 2003 846 2030 et
871 1995 972 2031 Deos
996 1995 1100 2040 cole‚
1131 2004 1171 2032 ut
1198 1995 1345 2041 videas,

243 2093 266 2111 ,7
293 2076 381 2102 num
418 2065 482 2100 tibi
525 2063 698 2100 beneficia
738 2063 934 2111 praebere,
975 2073 1011 2100 ct
1045 2064 1252 2111 significare
1278 2077 1344 2111 ea,

244 2162 267 2180 ‚,
294 2146 386 2181 quae
420 2134 632 2170 lmminibus
672 2133 794 2182 ignota
823 2145 935 2178 suut,
965 2134 1107 2182 velint3
1142 2144 1217 2172 tum
1252 2136 1345 2173 enim

1244 2232 1266 2252 ,‚
1293 2205 1348 2242 vi·

284 2272 331 2312 (ι)
354 2270 408 2300 Cs.
430 2272 692 2301 Hmnornbslsurfz
726 2272 749 2300 Ι.
774 2282 798 2301 c.
823 2271 842 2301 4
878 2275 907 2311 §-
935 2282 982 2312 ¹7·
