1487 2625
189 247 236 284 94
409 227 1068 269 COMMENTATIO

191 342 391 380 laedantur.
453 338 570 386 Igitur
618 337 744 383 religio
791 336 897 374 etiam
947 326 1192 386 est‘civilis;
1232 345 1288 375 est

193 412 402 449 institutum
420 436 432 455 ‚
472 407 599 453 quod,
641 406 778 443 etiamsi
807 417 883 442 non
906 405 1066 443 civitatis
1094 418 1203 444 causa
1231 417 1293 446 or-

190 489 267 517 tum
305 477 396 527 (1),
434 483 554 513 tamen
591 474 786 521 praecipue
819 475 864 510 ad
897 474 1079 511 civitatem
1117 483 1289 523 spectat,

187 550 300 597 huJ’us
346 544 542 583 constituit
582 544 769 581 vincutum
809 555 848 580 ac
892 543 1202 591 fundamentum,
1255 554 1292 583 et

187 620 233 656 de
271 628 343 665 qua
380 615 491 663 igitur
526 614 663 651 civitati
690 615 786 661 leges
809 612 903 650 ferre
929 612 1032 652 licet.
1086 613 1186 651 Hinc
1214 613 1292 652 So-

185 697 333 725 crates
367 687 472 736 pium
510 684 599 721 dicit
640 694 720 720 esse
757 694 863 729 euin,
917 682 982 730 qui
1020 681 1156 729 novit,
1196 682 1290 730 quid

185 759 282 804 leges
313 767 393 803 erga
415 756 517 793 Deos
545 752 797 801 praecipiant,
826 759 861 789 et
892 763 931 788 ea
963 751 1137 790 observat
1153 752 1237 800 (2).

234 826 336 876 Quid
368 834 486 862 autem
526 824 596 861 hoc
627 831 711 867 est,
752 822 853 869 quod
875 822 1041 859 civitatis
1065 821 1126 860 lex
1151 822 1290 870 praeci-

183 897 273 946 pit?
328 896 407 933 Lex
450 893 573 931 ubivis
617 892 824 941 praecipit,
864 901 904 929 ut
941 891 1023 929 Diis
1047 903 1118 940 pro
1144 891 1287 930 viribus

181 964 368 1012 sacrificia
418 963 548 1001 offeras
588 963 672 1011 (3).
731 963 876 999 Praeter
922 961 1010 999 haec
1059 961 1106 999 ad
1145 962 1287 999 cultum

182 1046 322 1073 sacrum
363 1033 594 1082 pertinebant
625 1042 748 1082 preces
775 1040 809 1068 et
835 1029 1046 1068 divinatio:
1084 1031 1150 1068 has
1173 1030 1284 1078 igitur

181 1116 367 1152 nunquam
407 1103 613 1151 negligebat
651 1102 901 1146 Socrates,
931 1108 966 1137 et
1006 1099 1087 1137 aliis
1126 1111 1184 1137 eas
1217 1099 1288 1137 ob-

176 1185 324 1211 -servare
363 1172 536 1210 suadebat
571 1172 657 1218 (4).
727 1169 866 1208 Precari
905 1177 1026 1206 autem
1067 1168 1284 1216 simpliciter

179 1256 198 1281 a
222 1244 305 1281 Diis
329 1242 506 1291 jubebat,
547 1250 589 1278 ut
618 1240 713 1276 bona
740 1238 850 1275 nobis
880 1237 1106 1286 praebeant,
1134 1236 1285 1275 omissis

177 1313 300 1361 longis
327 1313 397 1349 illis
429 1319 601 1348 votorum
637 1307 1004 1352 enumerationibus,
1050 1305 1186 1354 quibus
1219 1305 1284 1342 illo

179 1393 342 1430 tempore
379 1382 480 1418 Deos
511 1378 659 1425 fatigare
688 1377 880 1414 solebant:
923 1386 1005 1413 nam
1041 1376 1143 1413 Deos
1180 1374 1282 1412 meli-

178 1464 248 1498 us,
290 1462 397 1499 quam
433 1448 602 1487 homines
635 1447 768 1495 ipsos,
805 1444 1038 1493 perspicere,
1075 1444 1165 1491 quid
1189 1444 1283 1492 ipsis

176 1522 393 1564 conducat,
454 1530 568 1566 quum
632 1526 802 1554 eventum
859 1516 1115 1562 plerarumque
1158 1525 1279 1552 rerum

176 1592 272 1628 ultra
297 1589 487 1627 hominum
517 1587 777 1636 perspicaciam
801 1585 992 1633 posuerint
1017 1584 1100 1632 (5).

225 1662 353 1707 Itaque
385 1661 485 1697 Deus
505 1687 516 1703 ,
556 1661 624 1695 etsi
649 1657 696 1694 sit
722 1657 929 1704 αὐτάρκης,
956 1662 1076 1691 tamen
1102 1654 1211 1700 vult,
1239 1661 1279 1691 ut

175 1731 244 1768 sibi
270 1731 313 1768 ab
337 1728 550 1767 hominibus
575 1735 780 1774 praestetur
810 1725 958 1771 cultus,
987 1723 1094 1770 isque
1118 1722 1279 1761 clvitatis

1228 1793 1281 1830 le·

218 1905 262 1946 (ι)
300 1904 367 1933 Hoc
402 1902 628 1941 Sophistae
662 1901 861 1935 statuebant,
897 1899 952 1939 qui
988 1899 1134 1928 Deorum
1157 1899 1277 1928 cultum

173 1970 210 1988 ex
245 1958 461 1997 legislatorum
495 1960 561 1985 arte
595 1955 792 1993 repetebant.
836 1954 1034 1987 Socrates
1067 1957 1176 1982 contra
1207 1963 1278 1982 eum

170 2013 336 2051 repetebat
369 2021 406 2040 ex
441 2011 507 2049 lege
542 2020 556 2036 a
593 2009 664 2038 Deo
699 2008 782 2036 lata:
820 2007 920 2046 prima
961 2007 1044 2037 enim
1080 2011 1129 2037 est
1172 2006 1278 2046 legum

172 2067 354 2112 ἀγράφων,
380 2077 458 2106 quae
479 2066 570 2105 jubet
592 2070 626 2094 ut
651 2064 736 2093 Deos
758 2063 906 2094 colamus.

215 2130 261 2168 (2)
286 2128 337 2157 Cf.
359 2129 456 2156 Μειη.
480 2123 540 2155 IV.
564 2135 592 2155 c.
615 2124 643 2152 6.
668 2128 693 2162 ξ.
715 2123 745 2152 4.

214 2180 261 2220 (5)
287 2180 338 2210 Cf.
359 2181 457 2208 DIem.
483 2177 544 2207 IV.
568 2188 594 2206 c.
617 2177 646 2206 3.
671 2176 701 2215 §.
725 2176 775 2206 16.

215 2234 261 2273 (4)
286 2232 335 2262 Cf
358 2235 455 2262 ,Uenu
481 2231 508 2260 I.
531 2242 558 2260 c.
581 2230 609 2258 5.
634 2232 664 2269 35-
688 2229 758 2257 1-4.

215 2286 261 2326 (5)
286 2286 336 2314 Cf.
358 2287 454 2315 Mem.
480 2285 505 2314 I.
529 2295 556 2313 c.
580 2284 608 2313 3.
632 2286 660 2322 §-
684 2295 712 2314 2.
737 2282 811 2313 coll.
828 2281 853 2311 I.
870 2292 899 2311 c.
915 2291 941 2310 ι.
963 2284 991 2320 ᾗ.
1007 2283 1070 2321 7εὶ
1084 2281 1113 2309 8.
