1487 2625
287 184 343 229 50
526 181 661 226 ADR.
695 178 864 224 CATH.
896 175 1155 223 HOLTIUS

345 315 513 362 Accede
553 314 709 372 igitur,
755 311 1109 371 praestantissime
1154 323 1258 355 van
1291 308 1400 354 Em.-

292 393 486 445 schut,
520 391 592 449 qui
621 388 875 435 severiorum
907 387 1233 448 disciplinarum·
1253 386 1402 432 studiis

291 477 512 529 paternum
542 467 625 511 iam
654 465 806 510 videris
836 465 953 522 sequi
989 465 1236 524 exemplum.
1306 465 1404 508 Non

291 545 464 604 potuisti
487 543 646 588 meliori
672 542 838 602 pietatis
863 556 1012 600 genere
1034 542 1221 600 parentis
1239 555 1406 586 memo-

294 623 400 666 riam
447 621 609 673 colere,
650 634 802 676 quam,
847 619 963 676 quod
1019 619 1153 663 facere
1200 618 1405 677 coepisti,

297 698 500 742 familiare
529 710 681 744 nomen
713 703 783 740 tua
811 709 980 752 quoque
1018 695 1215 753 augendo
1245 694 1407 753 gloria,

297 775 545 835 praesertim
572 779 817 831 argumento
845 772 1066 816 tractando
1097 786 1191 816 cum
1219 772 1410 831 paternis

299 852 445 897 studiis
471 851 577 894 adeo
607 849 848 906 conjuncto.
909 848 1037 908 Capis
1068 848 1194 893 hodie
1227 848 1410 907 primum

299 929 386 973 eius
416 927 580 986 pietatis
613 927 793 969 fructum
809 943 820 981 3
847 924 983 982 sitque
1012 925 1087 969 tibi
1118 925 1200 968 hoc
1224 925 1412 983 praemi-

299 1021 370 1050 um
397 1004 498 1048 artis
524 1003 758 1048 salutiferae
776 1034 788 1056 ,
817 1016 911 1046 cum
936 1009 1007 1046 tua
1033 1008 1073 1045 et
1091 1002 1225 1046 aliena
1238 1001 1412 1047 utilitate

302 1081 473 1128 feliciter
496 1079 750 1125 exercendae
762 1110 775 1133 ‚
810 1078 1047 1136 augurium!

360 1385 447 1431 Nec
491 1392 563 1429 tua
604 1399 736 1443 parva
787 1384 876 1427 laus
925 1389 1010 1436 est,
1058 1383 1154 1427 licet
1202 1384 1412 1439 secunda,

305 1465 338 1508 B
355 1479 378 1507 1·
393 1477 419 1506 o
432 1477 453 1507 e
468 1478 491 1505 r
503 1477 523 1505 s
552 1459 816 1505 ornatissime
834 1462 842 1503 !
879 1459 1071 1503 Praemio
1087 1460 1255 1517 quidem
1272 1474 1390 1506 cares
1401 1495 1414 1516 ‚

307 1541 381 1584 sed
409 1539 597 1595 praemio
628 1538 775 1595 dignus
800 1537 1004 1581 iudicatus
1037 1551 1103 1590 es,
1137 1544 1183 1580 ut
1207 1538 1341 1595 magis
1370 1538 1415 1582 id

311 1617 385 1662 tibi
412 1616 601 1660 Fortuna
623 1614 818 1658 invidisse
844 1614 968 1657 talem
993 1613 1278 1663 adversarium
1302 1615 1416 1674 obji-
1484 1626 1487 1655 ¹1

307 1694 445 1746 ciens,
476 1707 601 1748 quam
634 1689 713 1735 viri
745 1689 860 1734 docti
891 1689 1152 1746 abjudicasse
1183 1689 1416 1741 videantur.
1484 1683 1487 1718 Ἴ

307 1770 449 1814 Habes
482 1767 606 1826 igitur
642 1767 833 1820 laudem,
868 1766 1191 1812 habeslaudem
1219 1770 1418 1817 victoriae
1483 1776 1487 1825 ξ

307 1846 567 1907 proximam,
603 1844 733 1888 habes
760 1842 845 1888 eius
874 1844 1088 1902 publicum
1118 1845 1412 1894 testimonium.
1468 1848 1487 1892 >i

308 1923 452 1969 Habes
482 1920 685 1977 denique,
716 1920 831 1978 quod
860 1920 1054 1965 omnibus
1084 1923 1261 1966 nummis
1293 1932 1417 1970 ante-
1465 1920 1487 1972 μ’

308 1999 549 2060 ponendum
579 1997 770 2050 videtur,
798 2004 838 2041 et
868 1998 1063 2042 omnibus
1086 1998 1415 2056 laudationibus,

311 2076 426 2134 quod
446 2090 524 2133 per
547 2074 780 2118 universam
809 2073 884 2117 tibi
913 2074 1038 2119 vitam
1070 2075 1283 2132 proderit,
1311 2091 1418 2123 con-
1475 2106 1487 2119 .

313 2152 523 2197 scientiam
554 2151 661 2195 bene
689 2150 770 2195 acti
794 2151 996 2210 temporis
1019 2151 1258 2197 academici.

813 2259 914 2266 ——.
