<?xml version="1.0" encoding="UTF-8"?>
<!DOCTYPE html PUBLIC "-//W3C//DTD XHTML 1.0 Transitional//EN"
    "http://www.w3.org/TR/xhtml1/DTD/xhtml1-transitional.dtd">
<html xmlns="http://www.w3.org/1999/xhtml" xml:lang="en" lang="en">
 <head>
  <title>
</title>
<meta http-equiv="Content-Type" content="text/html;charset=utf-8" />
  <meta name='ocr-system' content='tesseract 3.04.00' />
  <meta name='ocr-capabilities' content='ocr_page ocr_carea ocr_par ocr_line ocrx_word'/>
</head>
<body>
  <div class='ocr_page' id='page_1' title='image "annalesacademiae35rhen_0244.png"; bbox 0 0 1487 2625; ppageno 0'>
   <div class='ocr_carea' id='block_1_1' title="bbox 248 204 1133 245">
    <p class='ocr_par' dir='ltr' id='par_1_1' title="bbox 248 204 1133 245">
     <span class='ocr_line' id='line_1_1' title="bbox 248 204 1133 245; baseline 0.002 -2"><span class='ocrx_word' id='word_1_1' title='bbox 248 209 314 243; x_wconf 75' lang='lat'>128</span> <span class='ocrx_word' id='word_1_2' title='bbox 467 204 1133 245; x_wconf 85' lang='lat' dir='ltr'><strong>COMMENTATIO</strong></span> 
     </span>
    </p>
   </div>
   <div class='ocr_carea' id='block_1_2' title="bbox 230 313 1360 1622">
    <p class='ocr_par' dir='ltr' id='par_1_2' title="bbox 230 313 1358 1134">
     <span class='ocr_line' id='line_1_2' title="bbox 245 313 1352 363; baseline 0.001 -11"><span class='ocrx_word' id='word_1_3' title='bbox 245 327 327 353; x_wconf 81' lang='lat' dir='ltr'>cuin</span> <span class='ocrx_word' id='word_1_4' title='bbox 356 316 576 363; x_wconf 81' lang='lat' dir='ltr'>sejunxerat.</span> <span class='ocrx_word' id='word_1_5' title='bbox 632 314 714 351; x_wconf 90' lang='lat' dir='ltr'>Hoc</span> <span class='ocrx_word' id='word_1_6' title='bbox 747 313 867 360; x_wconf 86' lang='lat' dir='ltr'>facto,</span> <span class='ocrx_word' id='word_1_7' title='bbox 891 315 1027 361; x_wconf 86' lang='lat' dir='ltr'>liquori</span> <span class='ocrx_word' id='word_1_8' title='bbox 1061 324 1132 353; x_wconf 88' lang='lat' dir='ltr'>tam</span> <span class='ocrx_word' id='word_1_9' title='bbox 1159 315 1221 352; x_wconf 87' lang='lat' dir='ltr'>diu</span> <span class='ocrx_word' id='word_1_10' title='bbox 1245 316 1352 354; x_wconf 87' lang='lat' dir='ltr'>adda-</span> 
     </span>
     <span class='ocr_line' id='line_1_3' title="bbox 247 382 1352 433; baseline 0 -11"><span class='ocrx_word' id='word_1_11' title='bbox 247 397 307 422; x_wconf 78' lang='lat' dir='ltr'>tur</span> <span class='ocrx_word' id='word_1_12' title='bbox 335 397 428 431; x_wconf 83' lang='lat' dir='ltr'>aqua</span> <span class='ocrx_word' id='word_1_13' title='bbox 461 384 584 422; x_wconf 79' lang='lat' dir='ltr'>Calcis</span> <span class='ocrx_word' id='word_1_14' title='bbox 616 384 822 430; x_wconf 78' lang='lat' dir='ltr'><strong>ebulliens,</strong></span> <span class='ocrx_word' id='word_1_15' title='bbox 855 385 1038 431; x_wconf 69' lang='lat' dir='ltr'>quamdiu</span> <span class='ocrx_word' id='word_1_16' title='bbox 1071 382 1352 433; x_wconf 80' lang='lat' dir='ltr'>&#39;praecipitatum</span> 
     </span>
     <span class='ocr_line' id='line_1_4' title="bbox 251 455 1351 503; baseline 0 -11"><span class='ocrx_word' id='word_1_17' title='bbox 251 457 425 492; x_wconf 78' lang='lat' dir='ltr'>formatur</span> <span class='ocrx_word' id='word_1_18' title='bbox 441 484 450 501; x_wconf 88' lang='lat'>‚</span> <span class='ocrx_word' id='word_1_19' title='bbox 483 457 582 501; x_wconf 81' lang='lat' dir='ltr'>qnod</span> <span class='ocrx_word' id='word_1_20' title='bbox 602 455 797 502; x_wconf 78' lang='lat' dir='ltr'>colligatur</span> <span class='ocrx_word' id='word_1_21' title='bbox 814 455 972 492; x_wconf 88' lang='lat' dir='ltr'><strong>siccetur</strong></span> <span class='ocrx_word' id='word_1_22' title='bbox 986 482 998 500; x_wconf 82' lang='lat'><strong>‚</strong></span> <span class='ocrx_word' id='word_1_23' title='bbox 1014 464 1124 502; x_wconf 87' lang='lat' dir='ltr'>atque</span> <span class='ocrx_word' id='word_1_24' title='bbox 1150 463 1351 503; x_wconf 88' lang='lat' dir='ltr'>postquam</span> 
     </span>
     <span class='ocr_line' id='line_1_5' title="bbox 248 523 1351 572; baseline 0.002 -11"><span class='ocrx_word' id='word_1_25' title='bbox 248 537 328 562; x_wconf 86' lang='lat' dir='ltr'>cum</span> <span class='ocrx_word' id='word_1_26' title='bbox 365 532 492 572; x_wconf 83' lang='lat' dir='ltr'>quarta</span> <span class='ocrx_word' id='word_1_27' title='bbox 519 525 692 572; x_wconf 82' lang='lat' dir='ltr'>ponderis</span> <span class='ocrx_word' id='word_1_28' title='bbox 718 534 821 572; x_wconf 81' lang='lat' dir='ltr'>parte</span> <span class='ocrx_word' id='word_1_29' title='bbox 850 524 1021 563; x_wconf 83' lang='lat' dir='ltr'>carbonis</span> <span class='ocrx_word' id='word_1_30' title='bbox 1055 523 1168 563; x_wconf 85' lang='lat' dir='ltr'>fuerit</span> <span class='ocrx_word' id='word_1_31' title='bbox 1195 526 1351 563; x_wconf 88' lang='lat' dir='ltr'>mixtum</span> 
     </span>
     <span class='ocr_line' id='line_1_6' title="bbox 248 595 1353 643; baseline 0.001 -12"><span class='ocrx_word' id='word_1_32' title='bbox 248 595 537 643; x_wconf 84' lang='lat' dir='ltr'>decomponatur</span> <span class='ocrx_word' id='word_1_33' title='bbox 570 596 605 633; x_wconf 90' lang='lat' dir='ltr'>in</span> <span class='ocrx_word' id='word_1_34' title='bbox 641 603 799 642; x_wconf 79' lang='lat' dir='ltr'>retorta,</span> <span class='ocrx_word' id='word_1_35' title='bbox 842 595 1042 642; x_wconf 83' lang='lat' dir='ltr'>recipiente</span> <span class='ocrx_word' id='word_1_36' title='bbox 1074 596 1120 633; x_wconf 84' lang='lat' dir='ltr'>ad</span> <span class='ocrx_word' id='word_1_37' title='bbox 1151 595 1246 633; x_wconf 88' lang='lat' dir='ltr'>illam</span> <span class='ocrx_word' id='word_1_38' title='bbox 1285 595 1353 633; x_wconf 86' lang='lat' dir='ltr'>rite</span> 
     </span>
     <span class='ocr_line' id='line_1_7' title="bbox 245 665 1354 713; baseline 0 -10"><span class='ocrx_word' id='word_1_39' title='bbox 245 666 414 713; x_wconf 81' lang='lat' dir='ltr'>adaptato</span> <span class='ocrx_word' id='word_1_40' title='bbox 430 694 442 711; x_wconf 83' lang='lat'>‚</span> <span class='ocrx_word' id='word_1_41' title='bbox 473 668 663 704; x_wconf 86' lang='lat' dir='ltr'>instructa.</span> <span class='ocrx_word' id='word_1_42' title='bbox 693 668 778 713; x_wconf 87' lang='lat' dir='ltr'>Ipse</span> <span class='ocrx_word' id='word_1_43' title='bbox 806 677 894 703; x_wconf 80' lang='lat' dir='ltr'>vero</span> <span class='ocrx_word' id='word_1_44' title='bbox 919 665 955 703; x_wconf 88' lang='lat' dir='ltr'>R</span> <span class='ocrx_word' id='word_1_45' title='bbox 970 677 992 702; x_wconf 96' lang='lat' dir='ltr'>o</span> <span class='ocrx_word' id='word_1_46' title='bbox 1007 677 1023 702; x_wconf 87' lang='lat' dir='ltr'>s</span> <span class='ocrx_word' id='word_1_47' title='bbox 1040 676 1085 712; x_wconf 80' lang='lat' dir='ltr'>e,</span> <span class='ocrx_word' id='word_1_48' title='bbox 1107 676 1193 702; x_wconf 89' lang='lat' dir='ltr'>cum</span> <span class='ocrx_word' id='word_1_49' title='bbox 1215 665 1354 704; x_wconf 86' lang='lat' dir='ltr'>videret</span> 
     </span>
     <span class='ocr_line' id='line_1_8' title="bbox 230 735 1356 783; baseline -0.001 -9"><span class='ocrx_word' id='word_1_50' title='bbox 230 735 418 776; x_wconf 19' lang='lat' dir='ltr'>*Arsenici</span> <span class='ocrx_word' id='word_1_51' title='bbox 444 736 654 783; x_wconf 90' lang='lat' dir='ltr'>portionem</span> <span class='ocrx_word' id='word_1_52' title='bbox 684 736 749 773; x_wconf 89' lang='lat' dir='ltr'>hac</span> <span class='ocrx_word' id='word_1_53' title='bbox 778 735 920 773; x_wconf 85' lang='lat' dir='ltr'>ratione</span> <span class='ocrx_word' id='word_1_54' title='bbox 955 735 1066 774; x_wconf 87' lang='lat' dir='ltr'>Calce</span> <span class='ocrx_word' id='word_1_55' title='bbox 1096 735 1271 783; x_wconf 81' lang='lat' dir='ltr'>retineri,</span> <span class='ocrx_word' id='word_1_56' title='bbox 1298 735 1356 773; x_wconf 90' lang='lat' dir='ltr'>in-</span> 
     </span>
     <span class='ocr_line' id='line_1_9' title="bbox 247 803 1355 852; baseline 0.002 -11"><span class='ocrx_word' id='word_1_57' title='bbox 247 803 383 842; x_wconf 86' lang='lat' dir='ltr'>dicavit</span> <span class='ocrx_word' id='word_1_58' title='bbox 399 832 411 850; x_wconf 83' lang='lat'><strong>‚</strong></span> <span class='ocrx_word' id='word_1_59' title='bbox 425 805 572 843; x_wconf 88' lang='lat' dir='ltr'>residuo</span> <span class='ocrx_word' id='word_1_60' title='bbox 584 804 719 852; x_wconf 87' lang='lat' dir='ltr'>prioris</span> <span class='ocrx_word' id='word_1_61' title='bbox 736 804 963 852; x_wconf 86' lang='lat' dir='ltr'>operationis</span> <span class='ocrx_word' id='word_1_62' title='bbox 980 805 1121 843; x_wconf 85' lang='lat' dir='ltr'>aeidum</span> <span class='ocrx_word' id='word_1_63' title='bbox 1142 805 1355 843; x_wconf 85' lang='lat' dir='ltr'>boracicum</span> 
     </span>
     <span class='ocr_line' id='line_1_10' title="bbox 247 872 1358 922; baseline 0.003 -11"><span class='ocrx_word' id='word_1_64' title='bbox 247 886 386 921; x_wconf 84' lang='lat' dir='ltr'>purum·</span> <span class='ocrx_word' id='word_1_65' title='bbox 418 884 453 912; x_wconf 90' lang='lat' dir='ltr'>et</span> <span class='ocrx_word' id='word_1_66' title='bbox 485 875 622 912; x_wconf 88' lang='lat' dir='ltr'>siccum</span> <span class='ocrx_word' id='word_1_67' title='bbox 654 874 796 922; x_wconf 86' lang='lat' dir='ltr'>aequali</span> <span class='ocrx_word' id='word_1_68' title='bbox 820 875 985 922; x_wconf 85' lang='lat' dir='ltr'>pondere</span> <span class='ocrx_word' id='word_1_69' title='bbox 1009 872 1237 914; x_wconf 86' lang='lat' dir='ltr'>miscendum</span> <span class='ocrx_word' id='word_1_70' title='bbox 1265 875 1358 914; x_wconf 85' lang='lat' dir='ltr'>mix-</span> 
     </span>
     <span class='ocr_line' id='line_1_11' title="bbox 247 944 1356 993; baseline 0.001 -12"><span class='ocrx_word' id='word_1_71' title='bbox 247 955 441 992; x_wconf 68' lang='lat' dir='ltr'>tusamque</span> <span class='ocrx_word' id='word_1_72' title='bbox 486 945 599 982; x_wconf 90' lang='lat' dir='ltr'>calori</span> <span class='ocrx_word' id='word_1_73' title='bbox 656 944 779 983; x_wconf 89' lang='lat' dir='ltr'>denuo</span> <span class='ocrx_word' id='word_1_74' title='bbox 830 945 1097 993; x_wconf 85' lang='lat' dir='ltr'>exponendam.</span> <span class='ocrx_word' id='word_1_75' title='bbox 1178 944 1356 983; x_wconf 85' lang='lat' dir='ltr'>Octavam</span> 
     </span>
     <span class='ocr_line' id='line_1_12' title="bbox 250 1013 1358 1064; baseline 0.001 -13"><span class='ocrx_word' id='word_1_76' title='bbox 250 1024 386 1061; x_wconf 84' lang='lat' dir='ltr'>partem</span> <span class='ocrx_word' id='word_1_77' title='bbox 428 1015 531 1064; x_wconf 82' lang='lat' dir='ltr'>grani</span> <span class='ocrx_word' id='word_1_78' title='bbox 575 1014 743 1053; x_wconf 88' lang='lat' dir='ltr'>Arsenici</span> <span class='ocrx_word' id='word_1_79' title='bbox 776 1016 841 1053; x_wconf 86' lang='lat' dir='ltr'>hac</span> <span class='ocrx_word' id='word_1_80' title='bbox 878 1013 1019 1053; x_wconf 84' lang='lat' dir='ltr'>ratione</span> <span class='ocrx_word' id='word_1_81' title='bbox 1057 1026 1102 1052; x_wconf 83' lang='lat' dir='ltr'>ex</span> <span class='ocrx_word' id='word_1_82' title='bbox 1136 1013 1358 1053; x_wconf 84' lang='lat' dir='ltr'>substantiis</span> 
     </span>
     <span class='ocr_line' id='line_1_13' title="bbox 249 1083 1169 1134; baseline 0.002 -13"><span class='ocrx_word' id='word_1_83' title='bbox 249 1085 468 1122; x_wconf 81' lang='lat' dir='ltr'>animalibus</span> <span class='ocrx_word' id='word_1_84' title='bbox 498 1096 538 1123; x_wconf 92' lang='lat' dir='ltr'>se</span> <span class='ocrx_word' id='word_1_85' title='bbox 563 1085 755 1123; x_wconf 84' lang='lat' dir='ltr'>reduxisse</span> <span class='ocrx_word' id='word_1_86' title='bbox 781 1084 891 1122; x_wconf 86' lang='lat' dir='ltr'>refert</span> <span class='ocrx_word' id='word_1_87' title='bbox 917 1085 1021 1122; x_wconf 87' lang='lat' dir='ltr'>Ros</span> <span class='ocrx_word' id='word_1_88' title='bbox 1038 1097 1058 1122; x_wconf 88' lang='lat' dir='ltr'>e</span> <span class='ocrx_word' id='word_1_89' title='bbox 1084 1083 1169 1134; x_wconf 83' lang='lat'>(1).</span> 
     </span>
    </p>

    <p class='ocr_par' dir='ltr' id='par_1_3' title="bbox 250 1152 1360 1622">
     <span class='ocr_line' id='line_1_14' title="bbox 298 1152 1358 1204; baseline -0.001 -13"><span class='ocrx_word' id='word_1_90' title='bbox 298 1154 397 1192; x_wconf 81' lang='lat' dir='ltr'>Huic</span> <span class='ocrx_word' id='word_1_91' title='bbox 427 1164 548 1192; x_wconf 84' lang='lat' dir='ltr'>tamen</span> <span class='ocrx_word' id='word_1_92' title='bbox 586 1155 764 1192; x_wconf 85' lang='lat' dir='ltr'>methodo</span> <span class='ocrx_word' id='word_1_93' title='bbox 796 1155 958 1204; x_wconf 86' lang='lat' dir='ltr'>objicere</span> <span class='ocrx_word' id='word_1_94' title='bbox 983 1154 1066 1202; x_wconf 87' lang='lat' dir='ltr'>quis</span> <span class='ocrx_word' id='word_1_95' title='bbox 1103 1154 1225 1202; x_wconf 90' lang='lat' dir='ltr'>possit</span> <span class='ocrx_word' id='word_1_96' title='bbox 1250 1152 1358 1190; x_wconf 88' lang='lat' dir='ltr'>Ber·</span> 
     </span>
     <span class='ocr_line' id='line_1_15' title="bbox 251 1222 1355 1271; baseline 0.001 -10"><span class='ocrx_word' id='word_1_97' title='bbox 251 1224 378 1262; x_wconf 83' lang='lat' dir='ltr'>zelii</span> <span class='ocrx_word' id='word_1_98' title='bbox 417 1225 633 1262; x_wconf 86' lang='lat' dir='ltr'>sententiam</span> <span class='ocrx_word' id='word_1_99' title='bbox 653 1252 665 1271; x_wconf 82' lang='lat'>,</span> <span class='ocrx_word' id='word_1_100' title='bbox 693 1236 776 1262; x_wconf 88' lang='lat' dir='ltr'>cum</span> <span class='ocrx_word' id='word_1_101' title='bbox 809 1233 945 1263; x_wconf 88' lang='lat' dir='ltr'>statuat</span> <span class='ocrx_word' id='word_1_102' title='bbox 972 1222 1178 1262; x_wconf 89' lang='lat' dir='ltr'>arseniitem</span> <span class='ocrx_word' id='word_1_103' title='bbox 1205 1223 1355 1270; x_wconf 88' lang='lat' dir='ltr'>Calcis‚</span> 
     </span>
     <span class='ocr_line' id='line_1_16' title="bbox 253 1294 1359 1342; baseline -0.001 -11"><span class='ocrx_word' id='word_1_104' title='bbox 253 1296 363 1332; x_wconf 75' lang='lat' dir='ltr'>niodo</span> <span class='ocrx_word' id='word_1_105' title='bbox 403 1295 499 1332; x_wconf 82' lang='lat' dir='ltr'>dicta</span> <span class='ocrx_word' id='word_1_106' title='bbox 535 1294 676 1332; x_wconf 86' lang='lat' dir='ltr'>ratione</span> <span class='ocrx_word' id='word_1_107' title='bbox 715 1294 946 1341; x_wconf 85' lang='lat' dir='ltr'>formatum,</span> <span class='ocrx_word' id='word_1_108' title='bbox 997 1295 1098 1332; x_wconf 78' lang='lat' dir='ltr'>aicali</span> <span class='ocrx_word' id='word_1_109' title='bbox 1143 1305 1210 1341; x_wconf 87' lang='lat' dir='ltr'>pro</span> <span class='ocrx_word' id='word_1_110' title='bbox 1255 1301 1359 1342; x_wconf 83' lang='lat' dir='ltr'>parte</span> 
     </span>
     <span class='ocr_line' id='line_1_17' title="bbox 251 1363 1359 1412; baseline -0.002 -11"><span class='ocrx_word' id='word_1_111' title='bbox 251 1376 394 1402; x_wconf 83' lang='lat' dir='ltr'>manere</span> <span class='ocrx_word' id='word_1_112' title='bbox 422 1366 603 1403; x_wconf 87' lang='lat' dir='ltr'>solutum.</span> <span class='ocrx_word' id='word_1_113' title='bbox 656 1365 795 1402; x_wconf 88' lang='lat' dir='ltr'>Verum</span> <span class='ocrx_word' id='word_1_114' title='bbox 826 1364 998 1412; x_wconf 87' lang='lat' dir='ltr'>probavit</span> <span class='ocrx_word' id='word_1_115' title='bbox 1023 1363 1359 1411; x_wconf 63' lang='lat' dir='ltr'>Schweigger‚=</span> 
     </span>
     <span class='ocr_line' id='line_1_18' title="bbox 250 1431 1360 1481; baseline -0.002 -10"><span class='ocrx_word' id='word_1_116' title='bbox 250 1435 341 1473; x_wconf 83' lang='lat' dir='ltr'>illud</span> <span class='ocrx_word' id='word_1_117' title='bbox 368 1444 508 1473; x_wconf 88' lang='lat' dir='ltr'>tantum</span> <span class='ocrx_word' id='word_1_118' title='bbox 534 1435 748 1481; x_wconf 85' lang='lat' dir='ltr'>observari,</span> <span class='ocrx_word' id='word_1_119' title='bbox 777 1435 808 1472; x_wconf 89' lang='lat' dir='ltr'>si</span> <span class='ocrx_word' id='word_1_120' title='bbox 835 1434 1034 1473; x_wconf 81' lang='lat' dir='ltr'>Ammonia</span> <span class='ocrx_word' id='word_1_121' title='bbox 1056 1434 1100 1471; x_wconf 91' lang='lat' dir='ltr'>ad</span> <span class='ocrx_word' id='word_1_122' title='bbox 1119 1433 1212 1471; x_wconf 84' lang='lat' dir='ltr'>acidi</span> <span class='ocrx_word' id='word_1_123' title='bbox 1235 1431 1360 1470; x_wconf 78' lang='lat' dir='ltr'>niti-ici</span> 
     </span>
     <span class='ocr_line' id='line_1_19' title="bbox 252 1503 1358 1552; baseline -0.003 -10"><span class='ocrx_word' id='word_1_124' title='bbox 252 1506 514 1544; x_wconf 83' lang='lat' dir='ltr'>saturationem</span> <span class='ocrx_word' id='word_1_125' title='bbox 545 1505 658 1543; x_wconf 80' lang='lat' dir='ltr'>fuerit</span> <span class='ocrx_word' id='word_1_126' title='bbox 684 1505 872 1551; x_wconf 82' lang='lat' dir='ltr'>adhibita,</span> <span class='ocrx_word' id='word_1_127' title='bbox 901 1516 994 1552; x_wconf 88' lang='lat' dir='ltr'>quae</span> <span class='ocrx_word' id='word_1_128' title='bbox 1017 1504 1187 1542; x_wconf 76' lang='lat' dir='ltr'>niti-atem</span> <span class='ocrx_word' id='word_1_129' title='bbox 1220 1503 1358 1552; x_wconf 83' lang='lat' dir='ltr'>produ-</span> 
     </span>
     <span class='ocr_line' id='line_1_20' title="bbox 252 1570 1356 1622; baseline -0.005 -9"><span class='ocrx_word' id='word_1_130' title='bbox 252 1577 369 1614; x_wconf 84' lang='lat' dir='ltr'>cendo</span> <span class='ocrx_word' id='word_1_131' title='bbox 403 1575 588 1615; x_wconf 79' lang='lat' dir='ltr'>arseniitis</span> <span class='ocrx_word' id='word_1_132' title='bbox 613 1575 898 1621; x_wconf 80' lang='lat' dir='ltr'>formationem,</span> <span class='ocrx_word' id='word_1_133' title='bbox 938 1583 980 1612; x_wconf 91' lang='lat' dir='ltr'>ut</span> <span class='ocrx_word' id='word_1_134' title='bbox 1020 1585 1133 1622; x_wconf 86' lang='lat' dir='ltr'>supra</span> <span class='ocrx_word' id='word_1_135' title='bbox 1171 1570 1356 1619; x_wconf 72' lang='lat' dir='ltr'>vidimus,</span> 
     </span>
    </p>
   </div>
   <div class='ocr_carea' id='block_1_3' title="bbox 253 1642 1381 1695">
    <p class='ocr_par' dir='ltr' id='par_1_4' title="bbox 253 1642 1381 1695">
     <span class='ocr_line' id='line_1_21' title="bbox 253 1642 1381 1695; baseline -0.005 -10"><span class='ocrx_word' id='word_1_136' title='bbox 253 1649 317 1695; x_wconf 88' lang='lat' dir='ltr'>(p.</span> <span class='ocrx_word' id='word_1_137' title='bbox 348 1647 458 1694; x_wconf 83' lang='lat'><strong>113.)</strong></span> <span class='ocrx_word' id='word_1_138' title='bbox 486 1647 637 1683; x_wconf 87' lang='lat' dir='ltr'>omnino</span> <span class='ocrx_word' id='word_1_139' title='bbox 674 1645 838 1693; x_wconf 87' lang='lat' dir='ltr'>impedit.</span> <span class='ocrx_word' id='word_1_140' title='bbox 892 1645 990 1682; x_wconf 90' lang='lat' dir='ltr'>Cum</span> <span class='ocrx_word' id='word_1_141' title='bbox 1026 1644 1150 1690; x_wconf 87' lang='lat' dir='ltr'>itaque</span> <span class='ocrx_word' id='word_1_142' title='bbox 1187 1642 1381 1680; x_wconf 63' lang='lat' dir='ltr'>Berze-&gt;</span> 
     </span>
    </p>
   </div>
   <div class='ocr_carea' id='block_1_4' title="bbox 251 1710 1360 1975">
    <p class='ocr_par' dir='ltr' id='par_1_5' title="bbox 251 1710 1360 1975">
     <span class='ocr_line' id='line_1_22' title="bbox 251 1710 1360 1762; baseline -0.004 -9"><span class='ocrx_word' id='word_1_143' title='bbox 251 1716 355 1753; x_wconf 85' lang='lat' dir='ltr'>lius</span> <span class='ocrx_word' id='word_1_144' title='bbox 389 1716 585 1753; x_wconf 86' lang='lat' dir='ltr'>Ammonia</span> <span class='ocrx_word' id='word_1_145' title='bbox 612 1717 657 1752; x_wconf 80' lang='lat' dir='ltr'>ad</span> <span class='ocrx_word' id='word_1_146' title='bbox 685 1715 787 1752; x_wconf 86' lang='lat' dir='ltr'>illum</span> <span class='ocrx_word' id='word_1_147' title='bbox 821 1725 975 1762; x_wconf 88' lang='lat' dir='ltr'>scopum</span> <span class='ocrx_word' id='word_1_148' title='bbox 1002 1724 1146 1761; x_wconf 84' lang='lat' dir='ltr'>semper</span> <span class='ocrx_word' id='word_1_149' title='bbox 1169 1723 1258 1750; x_wconf 91' lang='lat' dir='ltr'>usus</span> <span class='ocrx_word' id='word_1_150' title='bbox 1280 1710 1360 1750; x_wconf 88' lang='lat' dir='ltr'>fue-</span> 
     </span>
     <span class='ocr_line' id='line_1_23' title="bbox 252 1782 1359 1832; baseline -0.002 -10"><span class='ocrx_word' id='word_1_151' title='bbox 252 1786 328 1832; x_wconf 84' lang='lat' dir='ltr'>rit,</span> <span class='ocrx_word' id='word_1_152' title='bbox 357 1785 434 1823; x_wconf 84' lang='lat' dir='ltr'>fieri</span> <span class='ocrx_word' id='word_1_153' title='bbox 468 1795 542 1823; x_wconf 90' lang='lat' dir='ltr'>non</span> <span class='ocrx_word' id='word_1_154' title='bbox 582 1784 728 1832; x_wconf 80' lang='lat' dir='ltr'>potuit,</span> <span class='ocrx_word' id='word_1_155' title='bbox 768 1783 859 1831; x_wconf 89' lang='lat' dir='ltr'>quin</span> <span class='ocrx_word' id='word_1_156' title='bbox 889 1783 1002 1821; x_wconf 76' lang='lat' dir='ltr'>niti-as</span> <span class='ocrx_word' id='word_1_157' title='bbox 1034 1782 1253 1821; x_wconf 87' lang='lat' dir='ltr'>Ammoniae</span> <span class='ocrx_word' id='word_1_158' title='bbox 1276 1782 1359 1820; x_wconf 91' lang='lat' dir='ltr'>inde</span> 
     </span>
     <span class='ocr_line' id='line_1_24' title="bbox 254 1851 1360 1901; baseline -0.003 -9"><span class='ocrx_word' id='word_1_159' title='bbox 254 1856 434 1893; x_wconf 83' lang='lat' dir='ltr'>excitatus</span> <span class='ocrx_word' id='word_1_160' title='bbox 476 1855 659 1893; x_wconf 83' lang='lat' dir='ltr'>arseniitis</span> <span class='ocrx_word' id='word_1_161' title='bbox 703 1854 827 1893; x_wconf 89' lang='lat' dir='ltr'>Calcis</span> <span class='ocrx_word' id='word_1_162' title='bbox 871 1853 1135 1901; x_wconf 80' lang='lat' dir='ltr'>separationem</span> <span class='ocrx_word' id='word_1_163' title='bbox 1184 1851 1360 1901; x_wconf 88' lang='lat' dir='ltr'>impedire</span> 
     </span>
     <span class='ocr_line' id='line_1_25' title="bbox 259 1926 518 1975; baseline 0 -12"><span class='ocrx_word' id='word_1_164' title='bbox 259 1926 406 1963; x_wconf 86' lang='lat' dir='ltr'>deberet</span> <span class='ocrx_word' id='word_1_165' title='bbox 434 1926 518 1975; x_wconf 84' lang='lat'><em>(2).</em></span> 
     </span>
    </p>
   </div>
   <div class='ocr_carea' id='block_1_5' title="bbox 307 1992 1363 2098">
    <p class='ocr_par' dir='ltr' id='par_1_6' title="bbox 307 1992 1363 2098">
     <span class='ocr_line' id='line_1_26' title="bbox 307 1992 1363 2044; baseline -0.005 -10"><span class='ocrx_word' id='word_1_166' title='bbox 307 1996 402 2034; x_wconf 85' lang='lat' dir='ltr'>Cum</span> <span class='ocrx_word' id='word_1_167' title='bbox 436 2004 555 2034; x_wconf 82' lang='lat' dir='ltr'>tamen</span> <span class='ocrx_word' id='word_1_168' title='bbox 577 2007 706 2043; x_wconf 84' lang='lat' dir='ltr'>aquam</span> <span class='ocrx_word' id='word_1_169' title='bbox 736 1995 857 2034; x_wconf 78' lang='lat' dir='ltr'>Caicis</span> <span class='ocrx_word' id='word_1_170' title='bbox 890 1995 1020 2043; x_wconf 85' lang='lat' dir='ltr'>exigua</span> <span class='ocrx_word' id='word_1_171' title='bbox 1051 1994 1207 2044; x_wconf 85' lang='lat' dir='ltr'>gaudere</span> <span class='ocrx_word' id='word_1_172' title='bbox 1238 1992 1276 2031; x_wconf 89' lang='lat' dir='ltr'>in</span> <span class='ocrx_word' id='word_1_173' title='bbox 1307 1992 1363 2030; x_wconf 84' lang='lat' dir='ltr'>in·</span> 
     </span>
     <span class='ocr_line' id='line_1_27' title="bbox 1309 2061 1363 2098; baseline 0 0"><span class='ocrx_word' id='word_1_174' title='bbox 1309 2061 1363 2098; x_wconf 89' lang='lat' dir='ltr'>di·</span> 
     </span>
    </p>
   </div>
   <div class='ocr_carea' id='block_1_6' title="bbox 259 2162 1363 2326">
    <p class='ocr_par' dir='ltr' id='par_1_7' title="bbox 259 2162 1363 2326">
     <span class='ocr_line' id='line_1_28' title="bbox 296 2162 1165 2220; baseline -0.006 -8"><span class='ocrx_word' id='word_1_175' title='bbox 296 2181 348 2220; x_wconf 82' lang='grc' dir='ltr'>(ι)</span> <span class='ocrx_word' id='word_1_176' title='bbox 377 2180 407 2211; x_wconf 93' lang='lat' dir='ltr'><strong>G</strong></span> <span class='ocrx_word' id='word_1_177' title='bbox 423 2180 592 2209; x_wconf 86' lang='lat' dir='ltr'>ehlen&#39;s</span> <span class='ocrx_word' id='word_1_178' title='bbox 612 2181 753 2216; x_wconf 59' lang='lat' dir='ltr'>Journ„</span> <span class='ocrx_word' id='word_1_179' title='bbox 771 2162 870 2210; x_wconf 68' lang='lat' dir='ltr'>v1306.</span> <span class='ocrx_word' id='word_1_180' title='bbox 891 2179 949 2208; x_wconf 80' lang='lat' dir='ltr'>ssd.</span> <span class='ocrx_word' id='word_1_181' title='bbox 973 2178 1018 2208; x_wconf 81' lang='lat' dir='ltr'>II·</span> <span class='ocrx_word' id='word_1_182' title='bbox 1040 2188 1074 2216; x_wconf 81' lang='lat' dir='ltr'>p.</span> <span class='ocrx_word' id='word_1_183' title='bbox 1094 2176 1165 2208; x_wconf 85' lang='lat'><strong>665.</strong></span> 
     </span>
     <span class='ocr_line' id='line_1_29' title="bbox 300 2228 1363 2274; baseline -0.006 -10"><span class='ocrx_word' id='word_1_184' title='bbox 300 2235 347 2274; x_wconf 80' lang='lat'>(2)</span> <span class='ocrx_word' id='word_1_185' title='bbox 373 2228 611 2263; x_wconf 86' lang='lat' dir='ltr'>Giesecke</span> <span class='ocrx_word' id='word_1_186' title='bbox 633 2239 664 2262; x_wconf 83' lang='lat' dir='ltr'>et</span> <span class='ocrx_word' id='word_1_187' title='bbox 687 2232 989 2271; x_wconf 79' lang='lat' dir='ltr'>Schweigger</span> <span class='ocrx_word' id='word_1_188' title='bbox 1009 2228 1363 2267; x_wconf 79' lang='lat' dir='ltr'>inBrandes,l.c.</span> 
     </span>
     <span class='ocr_line' id='line_1_30' title="bbox 259 2286 623 2326; baseline -0.005 -9"><span class='ocrx_word' id='word_1_189' title='bbox 259 2287 316 2318; x_wconf 79' lang='lat' dir='ltr'>Ed.</span> <span class='ocrx_word' id='word_1_190' title='bbox 340 2286 473 2317; x_wconf 79' lang='lat' dir='ltr'>XVHL</span> <span class='ocrx_word' id='word_1_191' title='bbox 498 2297 528 2325; x_wconf 73' lang='lat' dir='ltr'>p.</span> <span class='ocrx_word' id='word_1_192' title='bbox 552 2287 623 2326; x_wconf 75' lang='lat'>189.</span> 
     </span>
    </p>
   </div>
  </div>
 </body>
</html>
