1487 2625
493 225 535 262 M
564 225 593 261 E
626 225 657 260 l)
686 224 702 260 l
731 224 760 260 (J
793 223 841 259 A.
1155 235 1219 261 121

587 380 622 426 ᾗ,
683 390 739 424 ¹7·

393 539 603 579 Metalli
642 539 946 578 restitutio.

173 689 341 728 Secunda
369 689 565 727 methodus
586 689 630 726 ad
652 677 893 737 detegendum
923 687 1137 724 Arsenicum
1166 697 1227 723 so-

120 760 240 797 lutum
278 759 377 797 sistit
404 760 522 807 ipsius
538 760 678 805 ⁴metalli
706 758 993 796 restitutionem.
1048 756 1228 805 Quamvis

120 828 216 865 enim
244 841 286 867 ex
327 829 549 878 praegressis
591 836 798 876 sequatur,
834 828 980 875 singula
1021 826 1231 875 reagenffla,

123 907 292 935 seorsum
326 898 398 936 fide
420 910 497 937 non
531 910 613 937 esse
638 899 854 947 dignissima
873 927 885 945 ‚
909 899 991 947 jure
1016 906 1134 935 tamen
1159 904 1231 934 sta-

120 969 177 1004 tui
208 979 322 1016 posse
359 970 528 1017 videtur,
556 970 586 1006 si
616 969 737 1006 omnia
766 968 961 1006 coveniant
999 968 1037 1004 in
1070 967 1231 1003 iudican-

122 1037 177 1074 do·
209 1049 383 1085 veneno,
438 1041 549 1088 hujus
584 1039 824 1086 praesentiam
860 1043 960 1075 omni
1006 1037 1121 1074 dubio
1156 1037 1232 1074 fieri

117 1108 306 1157 maJ'orem.
371 1104 485 1159 Quod
510 1117 630 1146 tamen
658 1095 735 1145 uon
774 1107 952 1156 impedit,
1005 1119 1081 1154 quo
1115 1107 1237 1156 miuus

119 1178 254 1215 metalli
286 1178 451 1216 reductio
478 1178 744 1216 validissimum
782 1177 955 1215 exhibeat
995 1178 1126 1214 veneni
1162 1176 1237 1223 sig-

120 1256 208 1283 num
251 1247 296 1284 ab
334 1248 509 1285 omnibus
544 1259 758 1296 receptum,
804 1256 917 1296 atque
952 1259 1035 1295 prae
1062 1247 1140 1284 aliiS
1181 1245 1236 1284 fe·

122 1317 274 1353 rendum
293 1344 305 1362 ‚
358 1328 441 1354 curn
466 1327 629 1369 'propter
660 1318 878 1364 cautiones,
921 1317 1061 1364 quibus
1095 1315 1235 1364 indiget

123 1386 213 1423 haee
261 1387 456 1425 methodus
507 1388 729 1436 pauciores,
782 1387 1021 1437 ejusdemque
1067 1385 1235 1423 effectum

124 1454 352 1493 celerrimum
370 1462 489 1503 ‚tum
522 1467 675 1506 propter
717 1469 860 1495 errores
878 1485 890 1504 ‚
920 1457 1057 1503 quibus
1089 1455 1238 1492 minime

123 1522 248 1571 favet,
275 1524 498 1574 facilemque
523 1529 602 1576 ejus
631 1527 850 1564 instituendi
876 1527 1070 1565 rationem.

176 1594 329 1642 Optime
358 1596 483 1644 itaque
513 1597 710 1634 convenire
734 1597 881 1634 videtur
912 1605 952 1634 ut
969 1625 981 1642 ‚
1000 1597 1204 1633 observatis
1224 1625 1236 1642 ‚

128 1675 221 1711 quas
250 1673 354 1703 antea
391 1666 656 1713 exhibuimus,
680 1668 862 1714 cautelis,
899 1667 1131 1715 Hydrogenii
1167 1679 1238 1715 ope

125 1734 299 1773 sulfur-ati
331 1737 501 1775 Arsenici
535 1737 757 1775 sulfuretum
779 1738 1033 1784 producatur,
1061 1733 1152 1775 illud
1184 1749 1243 1774 se-

125 1815 305 1854 pare-tur,
342 1808 546 1845 exsiccetur
585 1817 696 1854 atque
731 1807 866 1845 caloris
894 1818 967 1855 ope
993 1806 1240 1854 decompona—

127 1886 203 1916 tur.
257 1877 318 1916 Ad
351 1877 520 1915 ultimum
554 1878 653 1915 hunc
685 1889 841 1925 scopum
876 1877 1154 1925 attingendum,
1182 1876 1243 1912 alii

127 1955 278 1985 utentur
289 1947 494 1994 fluxu,alii
522 1947 693 1984 sulfureti
709 1947 948 1984 mutationem
975 1947 1012 1983 in
1024 1947 1239 1983 arseniatem

127 2017 254 2055 Calcis
285 2017 460 2063 laudant,
500 2016 561 2053 alii
596 2028 684 2053 vero
727 2015 931 2064 simplicem
962 2016 1095 2053 caloris
1132 2027 1240 2053 usum

125 2088 397 2137 commendant.

146 2167 149 2174 ·
178 2155 277 2194 Cum
310 2156 405 2194 enim
432 2164 604 2193 monente
629 2155 657 2192 Β
675 2167 693 2192 e
709 2167 761 2192 rz
779 2156 821 2192 el
839 2155 849 2191 i
866 2156 1021 2193 o-fluxu
1050 2155 1240 2203 adhibito,

127 2226 298 2281 Arsenici
319 2224 523 2282 pars-illius
537 2226 707 2263 Potassio
733 2227 791 2262 vel
809 2225 929 2267 ,Sodio
955 2236 1115 2265 maneret
1136 2227 1244 2276 junc-

126 2303 162 2334 ta
172 2323 184 2344 ,
198 2296 365 2334 Arsenici
382 2296 596 2335 sulferetum
615 2296 651 2334 in
663 2299 877 2334 arseniatem
895 2296 1018 2335 Calcis
1031 2298 1241 2334 mutandum

1192 2378 1245 2404 m-
