1487 2625
509 176 859 221 MEDICA.
1197 205 1245 242 29

128 280 315 329 paralysin
345 292 387 321 ac
417 285 603 333 pruritum
639 288 882 340 doloremque
907 295 1000 334 nihil
1031 301 1247 340 emendave-

128 358 217 387 runt
233 378 246 397 ‚
274 352 393 391 donec
418 357 562 393 tandem
580 385 591 404 ‚
626 357 759 398 balneo
785 365 971 412 applicato
987 395 999 414 ‚
1030 368 1068 406 in
1093 381 1137 407 eo
1164 370 1247 410 fue·

126 419 175 456 rit
200 421 374 461 restituta
391 452 404 469 ‚
434 434 475 479 ut
499 428 599 475 gradi
618 429 826 480 inciperet,
855 435 988 474 deinde
1012 439 1243 487 ambularet,

123 488 260 537 digitos
299 495 421 531 nendo
464 508 647 537 exerceret
678 512 718 539 ac
754 514 909 550 prorsus
933 517 1085 557 sanata,
1117 522 1243 551 mense

122 558 269 599 demum
302 565 490 613 septimo,
516 569 666 607 domum
696 583 798 611 suam
827 585 1010 623 repeteret
1038 581 1124 630 (ι).

170 631 441 673 Doctissimum
466 636 566 675 inter
592 649 780 680 nostrates
806 642 1031 693 Hoykaes
1055 650 1160 689 aliam
1186 664 1243 692 re-

119 700 206 739 tulit
242 701 462 753 historiam,
506 719 579 754 qua
622 708 786 750 foemina
833 718 882 763 63
932 719 1062 756 aetatis
1103 732 1241 763 annum

109 780 294 820 emensa,
322 775 446 815 solitis
473 779 746 827 corripiebatur
772 782 921 833 signis,
948 799 990 826 ea
1021 798 1142 829 tamen
1170 792 1243 833 dif-

116 837 294 888 ferentia,
327 852 370 881 ut
399 857 466 893 per
492 848 647 896 longum
670 850 865 892 duodecim
894 856 1035 896 dierum
1051 861 1239 911 spatium,

114 909 260 949 diversa
300 924 384 952 cum
426 917 659 957 vehementia
699 921 772 959 illis
809 927 1097 970 excruciaretur.
1166 934 1239 972 Die

113 990 204 1019 vero
232 982 376 1021 decimo
399 987 511 1024 tertio
539 988 680 1027 brachii
706 993 826 1031 dextri
849 996 1092 1047 ejusdemque
1112 1003 1237 1043 lateris

116 1050 235 1088 cruris
282 1054 442 1103 paralysi
487 1057 743 1108 afficiebatur,
790 1074 881 1111 post
919 1072 1124 1110 nonnullos
1159 1074 1237 1113 dies

80 1156 83 1159 ,
116 1122 367 1162 extremitates
402 1125 510 1164 etiam
544 1129 669 1168 lateris
705 1135 875 1181 oppositi
918 1149 1126 1188 occupante
1150 1146 1235 1195 (2).

161 1190 362 1239 stuporem
396 1204 432 1233 et
458 1199 648 1247 paralysin
678 1200 914 1245 brachiorum
942 1221 1169 1261 crurumque
1195 1215 1235 1253 in

113 1258 183 1297 alia
220 1259 408 1312 foemina,
443 1276 528 1303 curn
556 1268 711 1316 reliquis
738 1278 1082 1329 symptomatibus‚
1112 1283 1253 1341 fuisse-

114 1328 311 1370 observata
338 1344 464 1373 monet
491 1337 850 1393 Kloekhofsg).

161 1400 263 1438 Ante
300 1402 447 1451 aliquot
479 1418 597 1447 annos
633 1412 734 1451 doct.
773 1415 970 1466 Murray
1010 1424 1229 1464 veneficium

87 1458 326 1520 jobservavit
355 1484 516 1523 quatuor
539 1479 758 1531 hominum,
786 1487 850 1533 qui
874 1489 1006 1528 validis
1028 1491 1229 1534 inflamma-

108 1539 223 1592 tionis
261 1548 578 1593 symptomatibus
614 1553 892 1605 afficiebantur,
932 1572 1015 1599 cum
1049 1564 1230 1613 singulari

110 1601 275 1667 onmium
322 1619 576 1658 musculorum
614 1623 834 1675 debilitate,
876 1641 970 1678 quae
1002 1631 1040 1669 in
1077 1635 1227 1676 duobus

107 1669 385 1739 aegrotantibus
410 1690 572 1738 paralysi
594 1702 670 1731 erat
692 1697 877 1743 proxima.
946 1701 1092 1742 Horum
1128 1718 1227 1747 unus

107 1739 422 1810 brachii-'‘gsinistri
454 1762 628 1800 movendi
662 1763 874 1807 facultatem
910 1783 1066 1818 prorsus
1094 1777 1226 1816 amise-

95 1830 189 1874 rat,
215 1833 283 1860 nec
306 1837 373 1864 sex
402 1829 492 1867 adeo
523 1833 713 1873 mensibus
736 1838 871 1886 elapsis
888 1869 901 1887 ‚
929 1853 1013 1881 cum
1038 1846 1131 1884 hanc
1155 1848 1224 1885 ob-

96 1893 353 1940 servationem
391 1898 533 1944 publici
576 1903 670 1951 juris
705 1905 842 1946 fecerat
884 1909 1102 1964 Murray,
1139 1918 1223 1957 bra-

104 1960 227 1999 chium
242 1963 430 2004 inflectere
444 1977 602 2015 poterat.
659 1973 719 2012 Ex
743 1987 820 2023 quo
845 1979 991 2028 elucet,
1016 1983 1079 2022 diu
1109 1997 1220 2036 saepe

93 2029 195 2069 hanc
234 2031 497 2085 effectionem,
536 2039 569 2077 si
609 2043 789 2083 Arsenico
832 2060 1035 2096 provocata
1077 2054 1218 2107 fuerit,

176 2140 179 2142 .
1160 2141 1217 2167 er-

141 2165 189 2205 (ι)
213 2168 321 2198 Ratio
349 2171 526 2209 medendi,
557 2173 636 2206 Vol.
664 2178 730 2211 ΙΙΙ.
754 2182 787 2220 §.
810 2180 840 2212 6.
862 2193 895 2222 p.
918 2185 988 2216 115.
1012 2187 1053 2219 L.
1069 2188 1105 2219 B.
1124 2141 1216 2234 1368.

139 2219 186 2257 (τι)
218 2221 403 2253 γει-Ιιαηᾱῖ.
425 2237 494 2255 enz.
520 2231 549 2256 te
572 2229 722 2263 Haarlem
750 2233 797 2264 Χε
819 2235 938 2269 dee12‘
958 2244 998 2271 st.
1018 2252 1050 2280 p.
1071 2243 1144 2284 459.

139 2271 185 2312 (5)
213 2271 296 2325 Ibiq.
322 2275 428 2309 vt11÷
450 2278 542 2319 decl,
568 2287 660 2326 εἰμι.
687 2296 720 2325 p.
742 2287 814 2329 399.
