1487 2625
407 250 998 289 THEOLOGICA.
1186 265 1254 297 107

149 361 403 400 redamandum
441 361 695 408 adducuntur,
749 361 814 397 sed
850 360 969 397 Deum
1005 359 1163 406 colunt,
1216 368 1257 397 ut

149 429 213 468 illev
242 429 339 478 ipsis
377 430 500 467 favere
537 429 640 467 velit.
696 428 794 466 Hinc
834 438 911 466 non
957 440 1001 466 ex
1028 428 1140 466 animi
1164 429 1254 466 indi-

148 499 272 548 gentia
297 501 341 538 ad
365 500 483 538 Deum
509 501 716 548 accedunt3
757 500 847 546 sed,
883 507 923 536 ut
950 499 1094 547 legibus
1120 498 1256 537 divinis

147 569 332 617 satisfiat,
373 578 558 618 praestant
586 570 666 608 Deo
691 570 834 607 cultum
857 578 1046 607 externum
1063 597 1076 616 ‚
1116 569 1258 618 legibus

147 640 430 689 praescriptum.
468 640 499 677 Ii
525 648 646 678 autem
665 667 678 687 ,
707 639 772 687 qui
797 640 914 677 Deum
940 649 1088 686 amant,
1118 639 1259 678 interna

147 708 187 747 vi
217 709 352 748 amoris
385 717 539 757 agente,
577 709 622 747 ad
655 711 772 747 Deum
809 710 1013 747 accedunt:
1051 710 1139 747 haec
1164 710 1257 758 ipsis

147 787 205 817 est
239 780 349 817 animi
375 779 575 828 indigentia
591 807 603 826 ‚
644 778 705 817 cui
728 786 865 826 sponte
885 777 1154 827 satisfaciunt,
1180 790 1257 817 non

145 849 290 898 legibus
321 850 464 898 adacti3
505 850 541 887 hi
576 861 652 887 non
689 860 785 898 opus
823 849 960 887 habent
982 858 1081 887 certa
1102 850 1257 897 quadam

143 929 293 967 norma,
321 920 466 968 legibus
486 920 691 957 constituta
706 947 719 967 ,
755 929 929 967 externa,
957 920 1023 957 sed
1044 919 1165 972 animo
1185 931 1256 958 suo

143 988 246 1027 omni
266 989 349 1027 loco
376 1002 417 1027 ac
444 1000 611 1037 tempore
637 990 757 1027 Deum
785 990 916 1027 colunt
938 988 1022 1036 (1).

185 1058 335 1106 Lubet,
357 1059 518 1097 breviter
537 1060 758 1097 Kantium
779 1068 817 1098 et
840 1059 1079 1098 Socratem
1103 1059 1200 1099 inter
1217 1072 1257 1098 se

143 1127 330 1168 conferre.
364 1129 535 1176 Uterque
563 1140 602 1166 ea
615 1141 654 1167 se
667 1129 809 1167 ratione
821 1141 905 1168 cum
921 1131 1003 1168 Deo
1018 1131 1258 1180 conJ'unctum

145 1196 347 1244 sentiebat,
377 1210 469 1245 quae
494 1200 624 1248 legalis
647 1199 715 1236 dici
735 1207 885 1247 potest3
913 1209 1070 1248 uterque
1084 1212 1159 1238 non
1171 1212 1259 1249 pro-

145 1268 311 1316 greditur
329 1268 424 1306 ultra
446 1269 538 1317 legis
562 1268 887 1317 observationem
915 1270 1128 1318 religionem
1148 1270 1259 1309 habet

143 1345 327 1384 uterque,
354 1347 430 1374 non
451 1338 627 1385 primario
654 1339 812 1385 quodam
837 1340 950 1386 loc0,
979 1349 1020 1377 ut
1042 1340 1259 1378 fundamen-

146 1420 223 1449 tum
250 1411 516 1460 fastigiumque
531 1412 641 1450 simul
657 1412 776 1450 omnis
791 1411 1005 1451 facultatum
1019 1414 1256 1453 humanarum

147 1482 427 1529 explicationis,
451 1483 516 1520 sed
533 1481 750 1530 postposuit
766 1482 819 1522 rei
844 1483 999 1531 morali,
1028 1492 1064 1521 et
1082 1494 1123 1521 ut
1145 1485 1257 1534 huJ'us

142 1551 395 1600 anumentum
410 1580 422 1599 ‚
439 1553 666 1602 postulatum
681 1551 775 1590 dixit
788 1553 874 1601 ille,
896 1553 1080 1592 adhibuit.
1110 1554 1261 1592 Conve-

141 1621 251 1660 niunt
264 1622 378 1670 igitur
393 1622 563 1659 universa
577 1634 643 1659 sua
657 1622 838 1661 sentiendi
853 1623 994 1661 ratione
1008 1635 1019 1661 ε
1049 1623 1162 1662 sedin
1175 1636 1259 1673 spe·

142 1691 298 1746 cialibus
314 1692 508 1730 sententiis
524 1693 634 1740 longe
655 1691 808 1729 inferior
832 1692 1002 1731 Kantio
1024 1702 1082 1737 esti
1100 1692 1259 1732 Socra·

143 1771 230 1801 tes.
261 1761 334 1799 Hic
355 1774 374 1799 a
389 1763 471 1800 Deo
487 1762 675 1810 repetebat
689 1771 724 1799 et
733 1763 854 1809 legum
870 1763 1061 1801 moralium
1077 1763 1256 1812 originem

141 1841 178 1870 et
200 1833 336 1881 justam
368 1832 673 1882 retributionem3
715 1834 777 1870 ille
807 1835 923 1881 legem
949 1835 1120 1871 moralem
1150 1835 1255 1883 (nam

142 1901 219 1939 nun
241 1901 399 1950 amplius
421 1901 642 1948 loquebatur
666 1903 710 1939 de
731 1903 886 1941 diversis
907 1902 1077 1951 legibus)
1110 1914 1154 1940 ex
1177 1903 1256 1949 ipsa

1189 1972 1258 2010 ho-

186 2033 235 2074 (ι)
269 2033 375 2073 Quam
405 2043 516 2064 verum
550 2033 611 2063 hoc
644 2034 705 2070 sit,
742 2034 886 2064 cernitur
904 2044 944 2063 ex
970 2044 1030 2070 eo,
1066 2035 1152 2074 quod
1182 2034 1258 2065 So-

141 2097 210 2117 cra
225 2090 307 2124 tes,
330 2087 493 2117 disserens
519 2087 557 2116 de
570 2087 666 2117 modo
693 2088 780 2117 Deos
805 2087 952 2125 colendi,
976 2092 1121 2118 uteretur
1135 2089 1257 2118 oraculi

141 2151 308 2180 responso,
355 2141 427 2179 Ipse
460 2146 564 2170 aulem
589 2141 736 2178 dicebat,
772 2141 811 2170 ad
833 2141 978 2171 Deorum
999 2142 1167 2172 consilium
1191 2153 1256 2172 nou

145 2195 375 2224 Iecurrendum
408 2205 498 2231 esse,
532 2195 593 2223 uisi
625 2195 748 2231 iniis,
784 2206 864 2234 quae
900 2195 965 2233 ipsi
1000 2206 1064 2225 uon
1100 2197 1256 2235 possimus

141 2250 262 2289 ingenii
282 2249 384 2278 nostri
399 2249 459 2277 rite
473 2249 593 2278 exculti
615 2258 675 2287 ope
701 2249 898 2288 dijudicare5
921 2248 1063 2289 adeoque
1089 2251 1256 2289 existi-ma-

143 2304 199 2332 bat
214 2325 223 2341 ,
247 2302 390 2332 homines
415 2302 543 2331 aliunde
566 2302 689 2331 discere
715 2303 852 2339 dehere,
876 2302 1037 2341 quomodo
1060 2304 1115 2333 Dii
1129 2303 1256 2335 colendi

141 2358 215 2387 sint.
240 2357 310 2388 cfr.
331 2358 428 2386 Mem.
452 2355 514 2386 IV.
537 2356 567 2388 5,
590 2357 640 2388 16.
661 2355 737 2386 coll.
761 2356 790 2386 1.
811 2366 841 2386 e.
866 2365 895 2387 ι.
917 2357 950 2396 §-
971 2366 1002 2394 9·
