1487 2625
340 209 932 255 THEOLOGICA.
1141 230 1188 268 29

84 317 213 354 civitas
247 327 422 366 munera,
448 319 583 368 privati
607 333 665 360 res
691 335 776 361 suas
801 324 1066 373 committunt,
1116 326 1191 374 ipsi

80 386 171 424 adeo
198 385 326 425 hostes
357 388 395 427 ei»
416 389 522 427 fidem
547 391 696 430 habent.
726 415 778 422 —
813 394 909 432 Cum
935 395 1056 434 omnia
1079 396 1191 435 bene-

80 455 163 494 ficia
197 466 345 506 accepta
372 468 477 508 grato
511 462 634 498 animo
667 462 825 508 referat,
868 464 1025 512 plurima
1051 465 1190 505 benefi-

78 525 143 571 cial
161 527 376 576 experitur,
403 541 531 568 omnes
562 541 743 578 quaerunt
768 534 847 582 ejus
883 533 1078 573 amicitiam
1095 563 1109 583 ,
1136 537 1193 584 ip·

81 606 163 634 sum
210 596 399 636 inimicum
437 599 572 638 habere
606 610 818 640 metuunt..
877 603 1011 653 Justus
1044 606 1191 645 demum

79 666 265 716 particeps
291 680 373 707 esse
403 678 530 718 potest
561 672 811 720 pulcerrima
847 673 947 712 illius
987 678 1192 715 maximae·

77 748 149 786 que
172 738 352 786 virtutis,
378 742 476 778 artis
507 744 656 790 regiae,
683 754 748 789 per
774 755 881 791 quam
905 744 1048 784 scilicet
1069 746 1190 785 homi-

78 817 145 845 nes
168 807 213 845 ad
235 808 420 847 civitatem
445 812 642 858 regundam
667 812 791 850 idonei
816 822 920 852 sunt.
965 816 1063 854 Idem
1080 817 1190 855 etiam

79 878 192 915 evitat
217 889 355 925 poenas
385 891 405 917 a
430 880 513 918 Deo
540 882 797 929 constitutas,
820 883 958 931 quibus
986 886 1109 933 legum
1135 887 1192 925 di-

77 946 244 985 vinarum
279 949 478 988 violatores
515 951 742 1000 puniantur3
807 961 844 990 et
881 956 986 993 solus
1023 957 1190 996 Deorum

75 1015 205 1055 favore
231 1019 497 1067 beneficiisque
521 1019 684 1068 fruitur,
738 1030 774 1060 et
812 1023 858 1061 ab
892 1024 938 1063 iis
972 1026 1190 1065 admonetur

74 1086 120 1124 de
145 1086 287 1134 optima
313 1098 372 1127 res
399 1100 528 1127 omnes
553 1091 686 1138 agendi
712 1092 855 1131 ratione
881 1094 965 1143 (1).

122 1156 179 1195 Ea
211 1156 352 1206 igitur,
409 1170 502 1206 quae
546 1159 641 1198 fiunt
680 1173 748 1210 per
783 1171 860 1201 tres
896 1164 960 1202 has
1002 1166 1186 1215 virtutes,

70 1234 157 1263 sunt
183 1230 422 1277 καλοκᾳγοιθόι
439 1256 453 1276 ‚
486 1237 524 1266 et
548 1230 614 1277 qui
640 1242 681 1269 ea
706 1229 826 1278 facit,
865 1236 882 1272 ὂ
907 1239 1186 1285 καλοκᾳγοιθὸς,

71 1295 132 1333 hic
164 1296 309 1334 demum
336 1298 441 1345 felix
475 1307 545 1337 est.
613 1299 712 1337 Nam
751 1301 817 1348 qui·
852 1313 929 1341 non
967 1313 1024 1342 est
1048 1308 1185 1354 ἀγαθὸς

69 1367 129 1407 καὶ
154 1370 264 1412 καλὸς
290 1366 336 1404 ad
360 1367 529 1415 aliquid,
580 1378 625 1412 et,
657 1378 777 1408 tamen
817 1372 976 1419 speciem
1016 1386 1103 1422 prae
1141 1387 1183 1414 se

69 1435 168 1483 fert,
197 1437 303 1484 quasi
330 1437 402 1475 hoc
428 1438 503 1484 sit,
531 1439 684 1478 simulac
717 1442 763 1479 ad
798 1444 977 1491 agendum
1013 1446 1180 1494 venerit,

66 1517 217 1556 apparet
255 1507 375 1554 qualis
403 1516 487 1555 est,
526 1519 562 1547 et
587 1510 718 1548 incidit
745 1511 783 1549 in
809 1524 995 1552 summum
1021 1515 1180 1555 dedecus

65 1577 321 1616 etssdamnum:
363 1587 406 1616 ut
430 1588 542 1629 aptus
568 1579 623 1618 ad
645 1582 796 1632 aliquid
817 1596 889 1622 esse
914 1585 1104 1634 videaris,
1142 1586 1181 1625 id

64 1648 241 1695 agendum
258 1674 271 1693 ,
299 1657 342 1686 ut
367 1657 478 1700 aptus
503 1648 559 1687 ad
581 1649 626 1687 id
647 1652 696 1688 sis
722 1651 808 1700 (2).
886 1653 927 1691 Si
952 1663 1074 1692 autem
1102 1666 1180 1694 non

67 1717 120 1755 sis
148 1720 426 1767 καλοκᾳγαθὸς,
453 1730 520 1756 nec
552 1720 633 1768 ipse
666 1721 808 1760 efficere
839 1722 1177 1772 aliquid.poteris‚

24 1826 27 1827 γ
64 1798 132 1825 nec
154 1786 233 1825 .alii
274 1787 339 1825 tibi
379 1788 579 1836 quidquam
610 1799 795 1838 praestare
832 1792 974 1831 velint:
1001 1804 1083 1831 nam
1111 1794 1177 1840 id,

65 1857 169 1904 quod
193 1857 322 1895 inutile
345 1864 424 1904 est,
453 1860 707 1898 contemnitur
745 1870 781 1898 et
811 1861 1008 1910 abjicitur,
1037 1862 1177 1901 etiamsi

61 1926 112 1964 sit
135 1926 388 1974 carissimumg.
436 1929 540 1975 ipsos
566 1929 656 1966 adeo
683 1931 788 1970 Deos
824 1931 856 1968 si
888 1931 957 1969 tibi
989 1933 1175 1980 propitios

65 2007 146 2034 esse
160 1996 252 2034 velis
267 2023 280 2043 ,
308 2007 373 2034 eos
396 1997 517 2034 colere
541 1997 678 2046 debes3
707 1998 752 2037 iis
767 2027 779 2047 ‚
806 2011 826 2037 a
841 2000 979 2048 quibus
998 2001 1071 2040 coli
1093 2001 1175 2050 ipse

1107 2084 1172 2110 ve·

106 2191 150 2230 (ι)
176 2190 336 2221 Cs.Mem.
353 2191 414 2222 lv.
436 2202 464 2222 c.
479 2192 510 2222 4.
526 2193 554 2228 S.
569 2192 687 2234 14-193
711 2204 740 2224 c.
755 2204 784 2224 2.
800 2193 832 2233 §.
847 2203 908 2233 1¹3
931 2195 1002 2227 αὖ.
1017 2199 1049 2237 §-
1068 2205 1116 2238 ¹7·
1142 2197 1172 2230 1.

62 2253 90 2272 e.
114 2253 141 2273 1.
164 2248 192 2283 §-
214 2245 332 2284 9.111.
355 2255 383 2275 c.
405 2256 436 2286 9.
459 2246 487 2281 S·
509 2244 558 2276 15.

102 2321 149 2361 (2)
183 2324 278 2353 Mem.
305 2323 347 2353 Π.
373 2334 402 2354 c.
423 2324 454 2353 6.
480 2326 510 2365 §.
533 2324 583 2365 57.
607 2335 678 2364 sqq.
704 2324 730 2354 Ῐ.
755 2336 782 2355 c.
804 2337 835 2366 7.
