1487 2625
241 226 307 255 122
457 211 1121 254 COMMENTATIO

238 322 442 370 indicavit,
476 322 644 369 illudque
672 321 842 366 deinceps
880 320 1220 367 decomponendum
1259 317 1341 367 (1).

237 394 375 431 Verum
423 392 507 429 huic
563 391 738 428 methodo
784 389 964 437 opposuit
995 388 1340 434 Christison‚

235 475 344 502 omne
366 462 580 500 Arsenicum
613 473 630 499 a
655 461 767 499 Calce
787 459 930 509 seJ'ungi
954 469 1030 496 non
1048 470 1160 506 posse
1176 485 1189 504 ‚
1219 468 1344 495 suam-

235 547 306 582 que
327 533 411 571 ideo
434 532 563 581 agendi
594 531 770 569 rationem
801 540 877 568 non
908 540 989 566 esse
1025 527 1231 566 mutandam
1257 527 1340 575 (2).

233 603 383 654 Quibus
424 602 648 651 computatis
674 601 791 639 satius
820 600 910 638 mihi
935 599 1056 637 visum
1081 598 1152 637 fuit
1174 599 1212 634 in
1235 608 1344 645 expe-

232 673 428 712 timentum
457 683 588 710 vocare
610 671 703 709 viam
721 682 857 718 ‚quam
885 669 1056 717 deinceps
1073 668 1262 717 ingressus
1288 675 1345 704 est

231 743 516 781 Berzelius
547 740 640 792 (3),
668 741 874 779 facillimam
901 752 976 777 eam
1015 737 1343 785 simplisissimam-

231 826 334 863 que,
369 825 454 852 cum
485 822 670 862 praeterea
692 822 800 849 omne
829 808 907 849 fere
940 809 1161 853 Arsenicum
1185 818 1230 844 ex
1261 806 1341 856 ejus

230 883 414 923 sulfureto
443 883 643 923 secundum
680 883 772 920 hanc
796 882 1010 920 methodum
1051 883 1197 920 restitui
1230 891 1343 927 posse

229 954 487 1004 experimentis
527 954 617 991 mihi
650 953 824 1001 patuerit.
878 954 983 991 Usus
1014 953 1110 992 enim
1135 965 1217 992 sum
1246 954 1339 992 tubo

230 1026 276 1063 ab
292 1034 448 1072 utraque
461 1032 563 1072 parte
578 1031 707 1072 aperto
724 1051 736 1069 ‚
748 1024 806 1072 cuj
813 1034 855 1060 us
869 1022 1066 1072 longitudo
1082 1022 1262 1070 aequebat
1276 1033 1340 1061 sex

230 1094 412 1157 pollices,
463 1093 638 1131 diameter
672 1103 763 1129 vero
795 1100 957 1139 quartam
1006 1092 1153 1139 pollicis
1186 1100 1342 1139 partem.

229 1163 330 1202 Huic
368 1162 503 1201 immisi
535 1161 757 1199 sulfuretum
792 1161 894 1209 gazis
915 1172 987 1209 ope
1013 1162 1263 1209 productum,
1291 1170 1345 1198 at-

231 1244 303 1280 que
332 1232 394 1271 tali
428 1232 570 1270 ratione
607 1231 644 1269 in
671 1231 802 1269 tubum
843 1231 958 1268 direxi
989 1232 1168 1269 flammam
1206 1231 1342 1279 spiritu

229 1302 307 1340 vini
345 1311 580 1350 provocatam
599 1329 611 1348 ‚
639 1310 702 1347 ut,
736 1301 811 1338 situ
852 1301 933 1337 tubi
959 1301 1133 1338 inclinato
1149 1328 1162 1347 ‚
1185 1301 1343 1338 oriretur

229 1385 294 1422 per
321 1372 423 1410 illum
448 1371 540 1411 aeris
563 1371 685 1409 fluxus
713 1371 914 1409 continuus
931 1398 944 1416 ‚
985 1382 1028 1407 eo
1055 1379 1178 1408 tamen
1202 1371 1342 1415 modo,

228 1452 272 1480 ut
301 1442 522 1480 sulfuretum
551 1443 674 1479 locum
698 1450 915 1490 occuparet,
946 1441 1096 1488 regione
1118 1441 1201 1478 tubi
1231 1440 1345 1478 maxi-

229 1525 286 1550 me
325 1511 498 1550 calefacta
534 1511 726 1559 paululum
769 1510 997 1548 inferiorem.
1065 1511 1254 1548 Gradatim
1279 1522 1345 1547 va·

228 1594 338 1631 potes
355 1610 368 1628 ‚
393 1594 436 1619 ex
468 1580 654 1620 sulfureto
677 1581 779 1626 orti,
805 1580 1128 1617 condensabantur
1150 1589 1260 1626 atque
1285 1587 1344 1617 tu«

230 1651 267 1689 bi
319 1651 424 1690 faciei
473 1651 638 1688 internae
675 1650 957 1688 adhaerescebat
991 1650 1118 1696 pulvis
1158 1648 1341 1698 crystalli-

228 1733 323 1769 nus,
369 1721 434 1768 qui
457 1721 578 1759 debita
623 1719 764 1758 ratione
797 1718 997 1757 calefactus
1022 1719 1058 1756 in
1090 1730 1204 1756 unum
1233 1719 1343 1766 quasi

227 1801 409 1841 punctum
431 1791 561 1829 deinde
580 1790 862 1840 congerebatur.
893 1789 1196 1837 Temperaturam
1211 1788 1342 1826 deinde

227 1874 394 1913 augens,
433 1863 564 1901 tubum
614 1860 754 1899 reddidi
786 1859 1034 1908 angustiorem
1070 1859 1251 1906 illumque
1295 1857 1341 1895 ab

227 1935 296 1973 hac
328 1943 431 1982 parte
454 1932 604 1971 fusione
632 1931 778 1977 clausi,
818 1941 894 1978 quo
928 1929 1054 1976 sacto,
1083 1928 1234 1967 frustuli
1267 1938 1344 1965 car·

227 2004 338 2042 bonis
368 2012 405 2042 et
437 2002 570 2041 caloris
596 2013 668 2050 ope
693 2002 814 2049 ipsum
852 2000 1039 2038 metailum
1071 2010 1114 2036 ex
1140 1998 1264 2046 oxydo
1287 1996 1342 2034 fa-

1290 2077 1344 2103 cr·

266 2144 317 2183 (1)
342 2141 427 2172 Vide
453 2140 536 2170 infra
553 2161 563 2177 ‚
589 2150 622 2179 p.
646 2139 715 2170 151.
738 2148 806 2179 seq.

268 2198 315 2237 (2)
340 2195 362 2226 Ι.
379 2206 408 2226 c.
434 2205 464 2233 p.
490 2194 562 2226 262.
586 2203 652 2233 seq.
679 2191 832 2232 Ejusdem
859 2190 1052 2231 Nachtra‘ge
1068 2209 1078 2225 ,
1101 2198 1131 2226 p.
1155 2188 1207 2227 87.
1231 2198 1298 2228 seq.

270 2249 318 2292 (3)
343 2249 394 2280 Cf.
409 2247 437 2278 H
454 2249 473 2278 ii
489 2258 509 2277 n
524 2258 540 2277 e
555 2247 596 2277 fe
611 2245 655 2275 ld
679 2246 713 2276 in
738 2246 766 2275 Η
782 2256 801 2275 ο
816 2255 831 2275 ¹·
844 2244 896 2274 n's
910 2243 1048 2275 Archiv.
1071 2243 1161 2282 1819.
1177 2240 1245 2272 Jul.
1260 2242 1343 2281 Aug.

227 2315 261 2344 Ρ·
285 2303 357 2344 778·
