1487 2625
471 188 941 229 CHEMICA.-
1181 211 1223 235 21

109 309 198 346 1,12
223 299 448 346 pond.spec.
479 318 530 326 ——
557 297 793 345 Aliquamdiu
822 300 993 339 calefacta
1021 303 1086 340 hac
1112 307 1214 342 solu-

104 367 231 414 tione,
270 377 458 415 separetur
482 367 620 414 eupion
648 379 903 415 supernatans.
985 372 1213 420 Refrigerata

103 436 243 475 solutio
276 438 567 484 decomponatur
606 437 814 487 adjiciendo
851 440 955 478 acido
995 444 1213 491 sulphurico

102 506 249 553 diluto,
277 518 397 555 usque
423 508 508 545 dum
539 508 679 546 acidum
708 509 965 556 sulphuricum
993 515 1214 559 praevaleat.

104 576 396 616 Creosotum
425 578 497 614 hoc
531 577 683 625 opificio
722 590 849 617 rursus
885 579 1078 620 liberatum
1107 594 1216 631 sepa-

102 654 202 683 retur
241 657 260 684 a
297 645 457 684 formato
503 647 673 695 sulphate
714 657 862 696 potasse
906 658 942 686 et
988 651 1210 691 destinetur.

102 714 263 753 Primum
300 717 480 754 transiens
517 717 765 764 destinatum,
814 721 975 757 nondum
1014 722 1058 758 ab
1099 723 1210 771 eupio

101 784 191 823 satis
228 784 443 829 liberatum,
475 786 556 824 ideo
582 797 786 834 separetur.
842 788 904 826 Bis
932 798 1032 827 tei-ve
1058 790 1210 829 iteretur

100 854 299 892 destillatio
324 864 553 903 postremum
577 865 788 894 transeunte
811 865 846 894 et
874 859 911 895 in
934 870 1028 906 aqua
1049 857 1208 899 fundum

99 932 261 973 petente.
350 926 438 976 Quo
486 926 634 973 opificio
673 924 971 965 Creosotum
989 957 1002 975 .,
1048 931 1210 969 chemice

101 994 248 1042 quidem
286 1005 363 1032 non
392 1007 553 1043 purum,
583 998 647 1033 sed
675 997 758 1033 usui
786 999 927 1035 medico
965 1000 1204 1048 adaptatum,

97 1063 318 1111 acquiritur.

611 1201 643 1249 §.
675 1207 709 1241 8.

102 1340 161 1378 Dc
183 1340 350 1392 parandi
375 1344 542 1387 ratione,
571 1343 763 1381 secundum
784 1345 819 1387 ,F
825 1356 853 1382 r.
877 1345 912 1383 T
925 1348 963 1385 h.
994 1349 1206 1388 Hubsch-

218 1422 337 1458 man,
389 1413 735 1462 'Pharmacopoeum
761 1417 801 1451 in
826 1426 919 1465 pago
947 1416 1094 1455 Theur-

310 1482 430 1518 thalen
446 1509 458 1528 ‚
495 1493 606 1533 prope:
632 1482 898 1531 Schafflmuscn
925 1487 1007 1535 (ι).

152 1613 218 1652 pix
238 1614 402 1662 liquida,
431 1626 474 1652 ex
499 1614 601 1662 ligno
631 1623 776 1662 parata,
805 1615 1025 1653 destinetur.
1063 1618 1205 1656 Destil-

101 1685 214 1721 latum
243 1693 331 1720 tunc
365 1683 522 1731 primum
558 1684 779 1732 colligatur,
808 1685 838 1721 si
863 1684 900 1722 in
928 1697 1021 1733 aqua
1047 1684 1203 1739 fundum

101 1762 227 1802 petere
252 1753 396 1801 incipit.
484 1752 582 1791 Tum
622 1754 845 1801 aliquamdiu
884 1756 922 1792 in
959 1768 1044 1794 vase
1079 1767 1205 1804 aperto

100 1824 327 1869 decoquatur
360 1834 442 1859 cum
477 1823 616 1870 duplici
654 1836 768 1871 aquae
807 1825 1021 1871 volumine,
1076 1827 1135 1863 cui
1166 1839 1205 1864 ea

103 1891 288 1940 quantitas
312 1891 414 1930 acidi
452 1893 654 1940 sulphurici
693 1895 935 1943 adjungatur,
980 1898 1052 1942 qua
1090 1909 1205 1944 aquae

102 1970 328 2009 supernatet.
393 1961 553 2009 Liquida
581 1972 666 2010 post
696 1963 1005 2010 ref1·ige1·ationem
1035 1977 1205 2013 separen-

102 2041 188 2079 tur,
228 2041 339 2079 atque
375 2032 494 2070 oleum
532 2040 737 2080 separatum
773 2032 977 2071 brunneuin
1019 2034 1055 2071 in
1091 2035 1202 2072 vitrea

103 2109 238 2138 retorta
275 2100 493 2138 destinetur.
591 2100 704 2150 Quod
751 2112 846 2147 opus
892 2111 1101 2149 repetatur,
1150 2105 1206 2143 uti

104 2171 209 2208 etiam
231 2170 348 2217 illud,
386 2171 487 2218 quod
514 2182 596 2207 curn
625 2171 728 2207 a'cido
757 2171 973 2218 sulphurico
1001 2173 1119 2210 diluto
1147 2173 1202 2210 in-

1141 2252 1206 2281 Stl-

143 2305 196 2341 (ι)
219 2304 310 2334 Cous.
333 2303 487 2335 Annalem
501 2305 556 2334 der
571 2303 707 2334 Pharna.
733 2303 826 2335 Tom.
848 2304 906 2335 XI.
928 2304 1080 2343 μέγα-Γη-
