1487 2625
235 204 280 240 68
458 199 1116 240 COMMENTATIO

237 322 275 347 re
300 320 378 348 non
403 318 609 356 repertum,
638 308 789 347 minime
808 308 991 356 probare‚
1009 309 1101 347 illud
1126 319 1201 347 non
1227 307 1346 347 fuisse

238 378 406 417 veneficii
440 388 474 415 et
511 378 639 416 mortis
679 390 854 426 causam,
882 390 965 416 cum
1003 379 1134 427 partim
1167 390 1187 416 e
1210 375 1344 427 corpo·'

237 459 276 485 re
310 449 465 487 durante
499 447 574 485 vita
609 459 689 484 esse
721 448 845 496 possit
879 457 1122 496 evacuatum,
1159 448 1290 497 partim
1325 460 1345 485 e

237 518 435 562 cadavere,
477 516 540 554 diu
581 517 725 555 demum
765 526 852 566 post
886 518 1137 557 humationem
1179 519 1347 566 explora-

236 595 304 631 to,
331 585 493 625 chemica
522 587 848 635 decompositione
872 596 1070 627 remotum.

287 656 342 694 Ut
393 655 507 703 igitur
546 657 749 694 secundum
790 657 888 704 artis*
929 658 1028 705 leges
1065 666 1215 695 examen
1262 656 1349 694 che·

235 726 369 763 micum
411 727 655 773 instituatur,
682 737 834 765 necesse
869 735 926 765 est
961 727 1104 775 primo,
1145 734 1187 763 ut
1225 727 1348 765 omnia

234 795 423 844 faucium,
451 796 685 844 oesophagi,
714 798 912 835 ventriculi
944 806 980 834 et
1006 797 1270 834 intestinorum
1291 807 1350 833 ca-

237 867 379 905 daveris
414 875 616 912 contenta,
655 877 827 914 quaeque
861 868 996 905 horum
1030 877 1253 915 organorum
1284 877 1350 914 pa·

236 936 392 974 rictibus
437 936 660 983 adhaerent,
714 937 869 985 ipsaque
918 937 1005 975 haec
1047 947 1182 986 organa
1217 937 1276 975 vel
1312 945 1350 974 et

240 1018 335 1054 quae
370 1007 515 1045 vomitu
549 1006 688 1045 fuerint
720 1008 879 1056 rejecta,
921 1015 1090 1044 accurate
1126 1006 1348 1055 colligantur

234 1084 346 1123 atque
380 1077 418 1114 in
442 1076 539 1114 vasis
574 1076 811 1124 purissimis,
847 1076 970 1123 iisque
1001 1076 1045 1114 ab
1073 1079 1156 1115 ae‘re
1190 1076 1347 1114 seclusis

237 1154 461 1194 serventur;
490 1145 622 1183 deinde
655 1156 795 1193 tamen,
829 1156 871 1183 ut
899 1146 1166 1193 consignentur
1191 1156 1348 1193 omnes,

240 1227 334 1264 quae
348 1215 413 1253 ubi
440 1216 586 1264 degerat
615 1215 653 1252 in
670 1216 747 1253 vita
769 1216 968 1253 defunctus
990 1215 1124 1252 obviae
1148 1223 1236 1253 sunt
1257 1215 1350 1254 sub·

239 1286 394 1324 stantiae
433 1294 629 1333 suspectae
661 1293 703 1322 ut
732 1294 769 1323 et
803 1285 883 1333 ipsa
916 1284 1097 1333 imprimis
1135 1285 1266 1322 veneni
1294 1296 1350 1322 re-

238 1354 362 1402 liquia
390 1355 477 1402 (1).

288 1424 358 1462 His
392 1421 606 1471 praemissis
623 1452 636 1470 ,
661 1424 708 1461 de
734 1422 844 1461 variis
867 1422 1077 1461 videbimus
1112 1422 1229 1470 signis
1260 1423 1347 1461 che-

236 1494 370 1540 micis,
411 1493 591 1531 veneficio
627 1493 738 1530 variis
778 1492 943 1532 Arsenici
982 1493 1203 1541 praeparatis
1241 1493 1347 1532 insti-

240 1572 349 1609 tuto,
380 1575 557 1612 quorsum
588 1561 822 1601 reseruntur:

292 1632 345 1672 1⁰.
374 1634 610 1671 Arsenicum.

286 1703 340 1740 2⁰.
373 1704 623 1751 Protoxydum
664 1703 837 1742 Arsenici
875 1703 1081 1753 (nigrum).

289 1771 342 1818 3⁰.
374 1772 529 1809 Acidum
565 1772 848 1811 Arsenicosum.

283 1845 340 1887 4⁰.
372 1842 540 1879 Arseniis
580 1843 766 1880 Potassae.

284 1910 341 1956 50.
371 1911 538 1947 Arscniis
572 1911 706 1958 Cupri.

288 1983 344 2016 6⁰.
374 1981 533 2017 Acidum
570 1980 840 2018 Arsenicicum.

286 2049 342 2096 7⁰.
373 2050 546 2087 Arsenias
584 2050 769 2087 Potassae.

1284 2125 1344 2165 8⁹.

273 2188 324 2226 (1)
349 2186 444 2217 Conf.
469 2188 632 2226 Helike,
658 2190 796 2227 Lcehrh„
822 2192 853 2230 §.
876 2190 958 2230 649,
980 2190 1060 2228 650,
1084 2190 1153 2222 652·
