1487 2625
497 171 847 212 MEDICA.
1165 187 1233 224 141

125 286 218 325 aeris
240 282 492 323 humiditatem
508 310 521 329 ,
552 293 661 331 quam
682 282 870 321 celerrime
895 281 1046 320 attrahit
1060 310 1074 330 ,
1095 282 1235 323 difflue-

125 366 165 392 re
196 355 292 392 solet
331 362 443 401 atque
479 362 555 390 non
592 352 666 390 nisi
700 352 844 391 difficile
877 351 915 390 in
953 354 1148 401 crystallos
1181 366 1237 392 re·

124 423 279 473 digitur.
333 424 513 471 Perquam
541 430 599 460 est
624 421 796 464 solubile.

172 493 350 532 Arsenias
377 503 467 531 vero
502 492 677 531 Potassae
715 499 863 529 constat
896 490 1028 541 figuris
1052 493 1236 542 crystalli-

114 564 183 602 nis
211 561 702 612 tetraedrico-prismaticis‚
726 561 917 610 pyramide
939 561 1157 604 terminatis.
1191 564 1235 603 In

119 645 216 683 aqua
249 633 357 672 facile
394 632 570 672 solvitur.

171 703 331 743 Acidum
364 702 604 741 arsenicicum
638 702 804 741 solutum
849 701 989 751 optime
1024 702 1236 753 detegitur,

123 773 156 812 si
182 773 368 813 additione
390 774 564 812 Potassae
594 781 659 811 aut
686 773 804 811 Sodae
825 783 939 822 purae
964 773 1143 813 excitatur
1165 776 1238 814 ho-

121 854 203 882 rum
243 843 422 881 arsenias.
490 842 624 882 Partim
661 842 758 881 enirn
792 844 912 880 solum
956 843 1103 883 acidum
1138 856 1239 884 arse.-

120 914 278 954 nicicum
307 914 467 963 simplici
492 913 665 952 affinitate
701 914 909 953 solutiones
937 915 1096 963 salinas,
1141 928 1236 964 quae

117 984 164 1022 ad
196 984 417 1022 reactionem
453 984 698 1031 adhibentur,
740 984 1011 1032 decomponere
1053 995 1130 1023 non
1173 997 1239 1024 va·

117 1054 195 1099 let,
222 1053 353 1102 partim
372 1065 463 1091 vero
487 1055 562 1102 sal,
588 1065 698 1101 quem
716 1054 858 1093 acidum
884 1054 1125 1094 arsenicicum
1149 1067 1234 1094 cum

118 1123 245 1172 oxydo
278 1123 461 1162 metallico
497 1123 702 1162 solutionis
738 1123 918 1172 reagentis
945 1125 1147 1173 producit,
1196 1126 1236 1164 in

115 1194 201 1241 ipso
226 1178 331 1232 acido
361 1202 543 1232 venenato
577 1194 752 1233 solvitur.

166 1263 382 1311 Utrumque
420 1263 563 1311 igitur,
592 1272 628 1301 et
665 1263 807 1302 acidum
839 1263 1079 1304 arsenicicum
1110 1275 1147 1305 et
1179 1278 1235 1306 ar-

118 1333 239 1371 senias
277 1334 451 1372 Potassae
484 1333 657 1381 sequenti
691 1333 834 1372 ratione
865 1334 1064 1383 detegitur.

173 1402 224 1443 ι’.
253 1403 382 1442 Nitras
419 1404 573 1452 Argenti
606 1404 780 1453 producit
815 1405 1095 1454 praecipitatum
1128 1408 1234 1445 colo-

115 1486 155 1512 re
188 1473 304 1512 rubro
339 1473 525 1522 lateritio,
566 1486 611 1513 ex
640 1474 819 1513 arseniate
854 1474 1009 1523 Argenti
1042 1476 1231 1525 composi-

116 1553 194 1583 tum
224 1543 311 1594 (ιλ

1087 1616 1226 1671 Bran-

158 1721 210 1759 (ν)
233 1721 256 1753 S
271 1732 301 1751 m
317 1723 327 1752 i
342 1726 354 1752 t
367 1722 387 1753 h
404 1733 418 1753 s
431 1734 449 1754 ο
462 1733 483 1753 n
504 1723 660 1755 indicavit
674 1744 684 1761 ‚
713 1724 816 1763 ipsum
844 1725 1032 1755 Arsenicum
1054 1722 1104 1754 vel
1129 1724 1234 1753 Arse-

115 1773 181 1804 nici
202 1775 343 1815 oxydum
369 1786 429 1815 ope
453 1777 581 1807 nitratis
596 1777 744 1808 Potassae
759 1777 823 1807 fusi
835 1777 868 1806 in
882 1776 1069 1807 arseniatem
1085 1775 1231 1806 l'otsssae

114 1829 366 1860 convertendum
389 1834 483 1870 atque
508 1830 603 1871 hujus
625 1830 817 1861 solutionem
837 1841 896 1869 per
920 1830 1074 1860 nitratem
1096 1829 1231 1869 Argenti

114 1881 229 1912 deiude
255 1883 480 1922 explorandam
502 1894 582 1914 esse.
604 1883 783 1914 Solutionis
808 1884 906 1924 oxydi
932 1884 996 1913 albi
1010 1887 1116 1923 gutta,
1148 1891 1230 1923 quae

113 1936 336 1974 octogesimam
360 1941 480 1975 partem
502 1937 603 1976 ipsius
623 1937 721 1977 oxydi
743 1937 948 1973 continebat,
981 1937 1147 1966 manifesta
1169 1936 1231 1965 da-

113 1989 169 2018 hat
181 1990 347 2020 arseniatis
372 1991 505 2030 Argenti
527 1991 665 2027 indicia,
688 1991 880 2021 formatione
900 1990 1114 2029 praecipitati.
1135 1989 1231 2020 Lon,

113 2052 148 2080 ge
173 2045 329 2074 minorem
364 2048 469 2074 tamen
498 2045 580 2075 acidi
614 2045 786 2074 arsenicosi
820 2043 943 2083 copiam
975 2044 1046 2073 aliis
1069 2044 1231 2083 reagenti-

113 2094 172 2124 bus
197 2096 332 2127 indicari
353 2099 416 2137 jam
442 2098 581 2128 vidimus
597 2120 605 2134 ,
628 2097 775 2138 illudque
796 2109 880 2128 nunc
910 2098 1036 2136 patebit
1067 2098 1106 2126 de
1138 2098 1229 2127 acido

113 2149 298 2180 arsenicico.
325 2150 414 2181 Hauc
432 2152 474 2180 ob
497 2162 619 2181 causam
645 2152 754 2191 itaque
778 2151 964 2181 methodum
985 2151 1074 2182 illam
1087 2150 1140 2181 hic
1154 2155 1229 2181 tan-

116 2201 276 2231 tummodo
303 2205 487 2234 memoravi.
521 2204 656 2234 Annals
693 2206 734 2245 of
758 2205 988 2245 Philosophy,
1016 2207 1050 2236 in
1076 2205 1166 2235 Arm.
1190 2206 1230 2237 lle

119 2254 220 2285 Chim.
244 2261 275 2285 et
297 2256 334 2286 de
360 2257 486 2296 Phys„
511 2258 600 2288 1822.
621 2256 715 2287 Τοω.
739 2257 839 2289 XXI.
860 2268 957 2299 p·97·
