1487 2625
498 167 851 208 MEDICA.
1144 181 1243 221 -133

126 278 220 317 acidi
253 274 382 316 acetici
408 287 480 325 ope
506 276 690 315 tribuatur
717 286 845 316 natura
866 277 996 316 leviter
1021 278 1147 325 acida,
1175 291 1242 327 per

124 349 304 395 illumque
324 356 424 385 nunc
451 346 733 394 Hydrogenium
762 348 1025 394 sulphuratum
1052 348 1242 386 transmit-

124 425 239 456 tatur.
292 416 535 465 Praecipitato
567 418 775 464 producto,
813 425 856 455 ut
880 417 951 455 rite
977 417 1070 456 illud
1095 418 1243 457 secedat

121 486 248 534 liquor
278 487 338 524 vel
372 485 444 524 sibi
471 486 729 533 relinquatur,
756 488 815 525 vel
854 497 1066 534 coquatur,
1107 489 1168 526 vel
1205 489 1240 527 ei

121 556 367 594 admisceatur
405 567 513 605 parca
529 548 840 604 'hydrochloratis
870 558 1092 597 Ammoniae
1124 569 1242 607 quan-

122 626 224 664 titaS.
252 626 519 674 Sulphuretum
553 636 652 664 nunc
686 635 894 674 separatum
921 628 1145 676 colligatur,
1170 640 1243 677 ope

121 696 246 735 fluxus
279 696 571 744 decomponatur
609 695 810 743 ipsumque
837 696 1060 735 Arsenicum
1089 697 1126 735 in
1150 709 1244 747 oxy-

121 765 209 804 dum
243 774 421 804 mutetur.
475 765 616 804 Crusta
652 765 684 803 si
724 766 774 803 sit
814 767 952 805 coloris
985 766 1244 815 profundioris

123 835 205 884 ipse
231 835 345 873 tubus
367 834 636 883 diffrangatur‚
652 836 808 885 ejusque
832 835 991 875 frustula
1018 836 1057 874 in
1084 837 1157 877 alio
1186 847 1249 875 tu-

124 904 175 943 bo
199 905 312 943 calori
339 914 575 954 exponantur
602 905 686 955 (Ι).

174 974 382 1013 Observavi
413 976 614 1014 secundum
655 977 749 1015 hanc
773 977 906 1024 agendi
930 977 1108 1015 rationem
1133 977 1242 1025 prin-

123 1042 222 1091 cipia
245 1044 415 1092 organica
436 1057 456 1082 a
482 1044 630 1092 liquore
657 1045 848 1084 arsenicali
876 1047 1030 1085 omnino
1056 1048 1247 1095 separari,

123 1111 356 1160 fluidumque
388 1113 557 1162 acquiri,
587 1115 689 1162 quod
724 1126 811 1163 prae
843 1115 934 1162 illo,
963 1117 1067 1164 quod
1096 1127 1142 1155 ex
1178 1117 1246 1155 alia

125 1182 300 1220 methodo
334 1184 539 1230 producere
572 1185 766 1230 solemus,
793 1196 862 1233 per
889 1186 1052 1224 chartam
1073 1185 1247 1224 facillime

124 1251 272 1291 transit.
344 1252 442 1290 Cum
484 1262 668 1300 praeterea
705 1254 795 1292 haec
833 1255 1032 1293 methodus
1071 1266 1244 1303 magnam

122 1321 254 1359 habeat
279 1320 529 1369 simplicitatis
555 1331 591 1360 et
625 1324 821 1362 celeritatis
850 1326 1211 1363 commendationem
1227 1355 1239 1373 ,

121 1392 324 1438 eademque
336 1403 420 1429 cum
434 1393 681 1440 certitudine,
704 1405 745 1432 ac
772 1393 804 1430 si
828 1395 897 1432 alia
920 1393 1035 1432 fuerit
1048 1395 1241 1441 adhibita,

123 1472 262 1509 corpus
284 1461 407 1499 delicti
426 1463 623 1510 exhibeat,
652 1464 812 1502 dubitari
833 1465 989 1511 nequit,
1011 1474 1052 1502 ut
1077 1464 1168 1501 mihi
1189 1464 1248 1501 vi·

124 1520 256 1578 detur,
285 1532 375 1579 quin
410 1532 757 1571 Christisoni
791 1535 922 1583 agendi
955 1535 1120 1581 modus,
1161 1535 1246 1578 reli-

126 1601 211 1649 quis
245 1601 353 1650 longe
384 1601 562 1651 praeferri
593 1612 801 1651 mereatur,
830 1604 1009 1652 imprimis
1044 1605 1075 1642 si
1103 1606 1148 1644 ad
1181 1606 1246 1643 de-

123 1672 421 1721 componendum
447 1673 619 1711 Arsenici
651 1675 943 1723 sulphureum,
998 1676 1083 1712 loco
1119 1675 1244 1714 fluxus

124 1740 208 1788 ipso
256 1748 397 1779 tantum
448 1744 570 1780 calore
615 1752 650 1781 et
697 1744 792 1781 aeris
840 1744 1040 1793 Oxygeuio
1079 1735 1246 1783 'utamur

128 1811 192 1859 (p.
224 1822 309 1850 122.
337 1810 444 1860 sq.).
497 1813 574 1851 Hac
596 1813 738 1851 ratione
751 1816 796 1863 3¹5
820 1814 923 1861 grani
952 1816 1159 1863 deutoxydi
1173 1817 1245 1855 Ar·

128 1878 242 1916 senici
272 1890 316 1916 ex
342 1891 450 1918 carne
476 1881 677 1920 intoxicata
704 1886 898 1923 restituere
924 1884 1048 1932 potui.

178 1949 309 1996 Itaque
346 1951 413 1988 hae
446 1951 662 2000 praecipuas
688 1953 852 2000 sistunt,
882 1965 975 2001 quae
1000 1954 1045 1991 ad
1073 1963 1244 1992 nostrum

128 2031 285 2069 scopum
315 2020 534 2068 laudantur,
563 2022 776 2060 methodos.
805 2022 912 2080 Quae
933 2031 1116 2070 praeterea
1143 2034 1244 2061 com-

129 2090 316 2128 mendatae
352 2089 505 2129 fuerunt
541 2091 701 2143 breviter
741 2101 884 2130 tantum
927 2103 1028 2131 nunc
1069 2093 1246 2132 indicabi—

127 2158 267 2200 bimus.

171 2254 220 2295 (ι)
243 2253 268 2283 1.
288 2265 316 2286 c.
337 2266 371 2295 p.
394 2267 465 2297 277·
487 2256 600 2297 Ejusd.
626 2257 818 2298 Nachtrdge
833 2278 843 2296 ‚
866 2268 900 2297 p.
924 2268 974 2298 9¹·
998 2268 1066 2298 neq.

1119 2313 1152 2358 ἕ.
1183 2326 1246 2352 20.
