1487 2625
184 106 239 145 22
427 101 563 147 ΑΒΚ.
598 100 762 145 CATH.
793 99 1051 145 HOLTIUS

180 236 271 295 ⁴hac
301 235 543 294 gravissima
573 250 618 291 re
650 234 788 278 dicere
816 234 977 289 animus
1006 248 1074 278 me
1099 232 1293 293 impellit3

182 319 235 370 *at
270 311 430 371 pudore
466 311 694 364 cohibeor,
736 319 777 367 et
805 308 1054 364 reverentia,
1095 310 1184 368 ejus
1224 310 1297 368 qui

193 389 338 448 paucis
367 387 480 432 hisce
515 387 655 440 annis,
694 401 787 430 cum
814 387 1050 431 academiae
1070 393 1238 431 nostrae
1253 386 1298 429 in

188 465 417 523 ,discrimen
452 471 727 516 vocarentur,
758 463 868 506 illam
902 470 1058 516 totam,
1086 470 1132 506 ut
1169 462 1300 507 Bata-

197 556 291 585 vum
337 539 546 584 hominem
591 539 766 583 decebat
802 545 843 582 et
882 537 1206 597 philosophum,
1258 537 1301 581 in

195 620 284 662 luce
315 616 467 676 posuit.

257 925 463 968 Revertor
485 923 609 981 igitur
631 921 685 965 ad
705 921 806 964 illud
831 920 1002 964 verbum
1027 920 1202 963 alterum
1223 933 1308 976 quo
1375 950 1380 961 .

200 1001 452 1047 Academiae
469 999 682 1043 Leidensis
703 997 946 1041 fundatores
961 996 1176 1040 consilinm
1191 1011 1309 1040 suum

202 1079 490 1129 declararunt,
525 1075 848 1123 Universitatem
889 1073 1179 1129 renunciantes
1215 1087 1312 1131 pu-

199 1155 409 1199 blicam.

260 1230 527 1276 Academiam
573 1229 753 1272 condere
784 1228 1002 1271 voluerunt
1032 1226 1311 1285 Europaeam.

204 1309 280 1353 Est
311 1322 439 1365 quare
473 1307 643 1350 verbum
672 1305 771 1347 illud
802 1303 1066 1362 publicam
1095 1303 1149 1346 ad
1179 1303 1314 1346 ratio-

203 1400 296 1430 nem
329 1384 549 1428 lectionum
582 1383 760 1433 referas,
795 1396 901 1437 quae
928 1380 1065 1438 palam
1095 1380 1317 1423 habehan-

205 1470 296 1514 tur,
326 1459 601 1516 omnibusque
624 1458 839 1517 patebant.
900 1457 1123 1500 Enimvero
1152 1457 1243 1515 plus
1271 1457 1341 1500 in*

205 1553 370 1581 recessu
409 1537 564 1579 habere
601 1535 789 1586 videtur,
834 1534 888 1577 ab
927 1533 1171 1590 antiquitate
1214 1548 1317 1577 aca-

203 1614 366 1673 demica
388 1611 671 1671 repetendum.
733 1610 986 1669 Exstiterant
1009 1610 1052 1652 in
1077 1610 1193 1653 Italia
1220 1611 1316 1654 olim

209 1690 443 1735 academiae
473 1689 623 1732 multae
658 1703 706 1731 ex
742 1701 838 1731 vero
873 1687 1088 1744 publicae,
1122 1702 1197 1745 per
1219 1688 1319 1732 Na-

210 1767 380 1810 tiones
409 1765 666 1824 descriptae,
695 1764 737 1807 in
765 1764 914 1820 quibus
940 1765 1120 1807 omnium
1137 1765 1318 1822 gentium

211 1845 400 1888 homines
426 1843 652 1894 docerent,
694 1841 929 1893 discerent,
966 1841 1163 1899 cujusque
1198 1842 1319 1886 Doc-

212 1930 324 1964 tores
349 1919 483 1963 ubivis
507 1917 688 1976 gentium
717 1925 1054 1974 agnoscerentur.
1096 1918 1184 1962 Hae
1202 1918 1322 1972 Stu-

213 1997 291 2040 dia
319 2012 344 2054 g
358 2010 378 2040 e
391 2011 417 2039 n
432 2010 452 2039 e
465 1995 626 2048 ralia,
650 1994 817 2048 nomin-e
835 1994 972 2037 adhuc
990 1995 1163 2049 usitato,
1182 1997 1322 2040 nomi-

143 2071 148 2076 ’
213 2074 434 2117 nabantur.
495 2072 627 2116 Erant
654 2086 751 2115 vero
784 2078 824 2115 et
856 2071 958 2115 aliae
992 2085 1076 2115 non
1107 2072 1321 2130 publicae,

202 2150 285 2203 *sed
324 2149 484 2210 patriae
525 2148 607 2195 sive
656 2147 938 2200 domesticae,
986 2147 1028 2191 in
1064 2149 1214 2205 quibus
1244 2151 1323 2195 soli
