1487 2625
214 177 260 223 58
434 164 1100 212 COMMENTATJO

261 280 411 332 Quibus
440 280 563 328 itaque
585 278 759 316 omnibus
781 285 907 325 patet,
949 288 1169 326 organorum
1196 279 1336 319 laesio·

213 362 279 390 nes
296 359 385 400 post
420 357 576 387 mortem
609 348 645 385 in
675 347 911 384 cadaveribus
934 348 1116 386 Arsenico
1140 350 1323 388 extincto-

210 431 292 459 rum
315 417 444 457 obvias
469 418 516 454 ad
542 415 759 454 veneficium
779 417 974 454 arsenicale
995 417 1226 464 probandum
1254 419 1322 458 mi-

210 489 309 528 nime
334 487 469 526 valere.

260 558 398 606 Neque
420 557 564 595 tandem
588 555 633 594 ab
658 557 879 594 enumeratis
900 556 1016 606 signis
1043 557 1102 595 illa
1127 555 1329 609 differunt,

209 640 302 677 quae
340 626 559 666 Arsenicum
585 625 655 665 alia
686 625 832 674 ratione¹
862 627 1013 676 corpori
1047 628 1236 667 admotum
1265 639 1327 667 se-

208 706 392 746 quuntur.

258 769 302 806 In
338 766 661 806 observationibus
684 766 709 804 S
723 777 742 804 c
757 777 780 802 o
795 777 819 803 u
832 774 906 804 tet
919 775 933 804 t
946 766 1027 804 eni
1067 775 1103 804 et
1138 767 1164 805 S
1177 777 1197 804 c
1211 767 1237 806 h
1253 767 1323 805 ul-

206 839 288 877 zei
313 838 535 877 Arsenicum
569 836 681 885 capiti
702 835 822 873 fuerat
853 835 1077 884 applicatum
1103 837 1165 886 (§.
1190 849 1250 876 11.
1276 849 1318 886 p.

202 908 303 957 41),
329 919 374 946 eo
397 906 560 952 effectu,
590 914 631 943 ut
652 904 880 943 ventriculus
910 903 1161 943 inflammatus
1187 913 1286 942 esset
1302 932 1318 952 ,

208 987 245 1017 et
259 979 296 1016 in
311 989 382 1016 una
396 977 607 1017 duodenum
623 976 746 1013 eadem
763 973 906 1011 ratione
914 972 1086 1011 affectum
1099 1001 1112 1021 ,
1133 974 1323 1012 ventricu-

204 1049 309 1096 lique
333 1047 457 1086 tunica
481 1047 622 1085 interna
648 1044 872 1093 reperiretur
899 1043 1062 1082 emollita
1089 1052 1126 1081 et
1146 1043 1258 1082 variis
1281 1043 1322 1082 in

203 1119 298 1156 locis
331 1129 352 1156 a
382 1115 547 1154 cellulari
583 1115 720 1152 soluta.
775 1113 904 1151 Facies
935 1113 1089 1161 insuper
1123 1112 1319 1160 perieranii

204 1189 346 1227 interna
374 1196 412 1225 et
441 1187 532 1225 dura
567 1193 682 1223 mater
720 1181 911 1221 nonnullis
941 1182 980 1219 in
1026 1181 1118 1219 locis
1143 1181 1320 1229 sphacelo

205 1269 308 1297 erant
351 1258 562 1303 destructa,
592 1254 788 1303 ipsiusque
809 1251 950 1290 cerebri
969 1252 1119 1289 vascula
1142 1251 1321 1300 sanguine

202 1329 392 1367 dissoluto
428 1328 551 1375 piena.
615 1323 712 1362 Aliis
740 1323 837 1360 cutis
883 1320 1098 1369 regionibus
1130 1320 1318 1369 applicato

201 1399 384 1437 Arsenico
399 1425 412 1445 ‚
440 1397 563 1435 eadem
585 1394 722 1444 pluries
739 1393 886 1431 inventa
903 1399 991 1430 sunt
1008 1390 1114 1439 signa
1131 1401 1151 1428 a
1175 1389 1318 1439 priori*

202 1468 273 1507 bus
293 1468 391 1506 haud
419 1466 579 1505 diversa.

253 1537 454 1584 Denique,
488 1545 631 1574 veneno
670 1533 707 1571 in
741 1532 909 1581 vaginam
952 1531 1195 1577 introducto,
1223 1530 1318 1568 duo-

203 1609 338 1647 denum
382 1605 631 1655 reperiebatur
684 1602 946 1640 inflammatum
993 1601 1056 1649 (p.
1091 1599 1194 1648 45),
1231 1610 1318 1637 cum

202 1679 358 1717 similem
386 1687 539 1723 eamque
569 1673 747 1722 insignem
786 1670 1050 1709 intestinorum
1085 1667 1317 1706 affectionem

201 1749 505 1788 animadverteret
527 1747 636 1786 Doct.
669 1744 714 1780 la
739 1739 1079 1780 Font-Gonzi
1095 1765 1109 1786 ‚
1134 1736 1315 1777 veneficio

201 1830 269 1868 per
298 1829 433 1856 annum
454 1824 603 1866 peracto
631 1813 743 1863 (45.)
771 1823 926 1859 eamque
958 1811 1064 1849 valde
1090 1809 1272 1848 diversam
1295 1818 1318 1845 a

202 1889 320 1938 signis
335 1915 348 1934 ‚
363 1897 457 1935 quae
475 1892 682 1933 sequuntur
699 1882 731 1921 si
752 1882 797 1921 ab
810 1880 1025 1919 hominibus
1047 1878 1180 1918 astutis
1204 1880 1316 1917 Arse-

201 1958 325 1996 nicum
353 1965 441 2005 post
471 1963 627 1993 mortem
654 1952 691 1990 in
722 1951 939 1990 intestinum
967 1957 1106 1987 rectum
1128 1947 1241 1986 fuerit
1261 1947 1317 1984 in·

200 2028 412 2066 troductum
440 2024 536 2075 (1).·,
577 2024 663 2062 dum
678 2034 723 2060 ex
735 2021 843 2061 dictis
866 2022 1047 2060 elucescat
1067 2018 1315 2058 ventriculum

1258 2086 1314 2125 fe-

240 2205 294 2241 (1)
316 2199 402 2230 Vide
427 2199 466 2230 de
493 2198 579 2230 hisce
605 2197 748 2231 Orfila
768 2219 778 2236 ,
800 2197 823 2228 l.
849 2207 879 2228 c.
904 2195 997 2227 Tom.
1023 2194 1070 2227 ΙΙ.
1094 2204 1129 2235 p-
1153 2193 1225 2225 686.
1245 2201 1316 2233 seq.

200 2266 232 2295 p.
255 2253 410 2296 692-694.
