1487 2625
545 146 896 185 MEDICA.
1236 160 1282 197 17

158 265 236 295 tum
270 257 490 305 ingesserat,
522 256 694 304 proxime
716 257 862 307 demum
888 256 1078 306 sequentis
1098 257 1171 296 diei
1186 267 1278 297 tem-

155 337 249 378 pore
274 327 482 374 matutino,
505 325 659 365 nocivas
694 334 844 374 experta
871 325 944 364 fuit
966 327 1136 365 Arsenici
1165 327 1275 366 effec-

154 406 215 434 tus
242 396 344 446 (ι);
384 406 420 435 et
457 398 601 435 tandem
645 396 705 434 hic
746 397 877 434 adduci
913 395 1073 435 forsitan
1116 409 1274 447 posset,

154 466 414 505 doctissimum
430 466 689 504 Tonnelier
716 467 937 505 observasse
964 469 1119 515 puellam
1136 496 1148 515 ,
1180 481 1276 517 quae

152 537 303 586 jusculo
332 537 516 575 Arsenico
553 537 640 575 albo
684 536 918 583 intoxicato,
947 538 1038 576 hora
1078 539 1273 578 undecima

150 607 403 655 pomeridiana
426 607 547 645 fuerat
573 618 664 652 usa,
693 618 738 644 eo
764 615 885 644 tamen
909 607 1086 655 singulari
1110 608 1272 659 effectu,

152 686 196 719 nt
241 678 384 715 nullum
436 686 521 714 ante
573 686 720 724 tempus
763 670 1016 724 uespertinum
1060 678 1274 726 apparuerit

151 748 327 796 signum,
365 733 439 785 nisi
465 745 642 794 frequens
668 746 808 784 coloris
836 747 990 784 mutatio
1019 757 1055 785 et
1082 747 1270 795 inquietu-

150 816 247 854 dinis
287 816 448 864 indicia3
497 816 562 855 sed
600 816 806 854 addendum
822 844 835 862 ,
880 816 978 854 illam
1020 817 1164 855 doloris
1211 819 1272 856 sui

148 896 297 923 sensum
321 885 422 923 omni
448 885 575 924 studio
601 886 741 922 celasse
766 885 850 932 (2).

200 955 301 993 I-Iaec
326 955 370 992 de
389 955 539 993 diverso
555 985 567 1002 ‚
597 967 672 1002 quo
695 964 945 1003 symptomata
976 955 1154 1004 ingruunt
1181 966 1273 995 tem-

149 1036 264 1073 pore,
295 1025 491 1063 sufficiant,

663 1209 699 1255 ἕ.
735 1220 770 1255 3.

195 1367 517 1416 Quemadmodum
547 1375 796 1415 symptomata
820 1365 858 1403 in
883 1365 1052 1403 veneficii
1084 1365 1234 1404 casibus
1250 1393 1263 1411 ,

144 1447 243 1483 quos
258 1437 331 1474 huc
348 1448 418 1484 usq
426 1448 468 1474 ue
483 1437 697 1482 retulimus,
718 1436 866 1474 diverso
881 1445 1050 1484 tempore
1063 1436 1266 1484 incipiunt,

144 1506 195 1544 ita
222 1515 258 1544 et
287 1506 437 1545 diverso
466 1507 646 1555 temporis
677 1507 871 1544 intervallo
899 1516 1019 1544 morte
1047 1508 1267 1554 plerumque

142 1577 329 1614 terminari
355 1579 508 1624 solent,
540 1589 631 1625 quae
658 1578 756 1615 inrra
783 1576 894 1614 unius
923 1586 960 1615 et
979 1576 1091 1615 trium
1120 1576 1263 1613 dierum

142 1649 303 1696 spatium
333 1648 448 1696 vulgo
478 1647 635 1685 miseriis
667 1647 775 1685 finem
803 1648 980 1695 imponit.
1047 1647 1088 1685 Si
1116 1646 1194 1685 vita
1218 1646 1265 1684 ad

142 1717 293 1756 tertium
331 1717 428 1754 diem
465 1718 734 1765 protrahatur,
774 1719 963 1765 aequalem
999 1716 1149 1764 saepius
1188 1726 1265 1754 non

142 1786 305 1825 indicant
339 1774 590 1835 symptomata
629 1787 925 1834 vehementiam,
964 1796 1187 1834 quamquam
1212 1792 1267 1821 ta-

142 1867 246 1902 men,
288 1865 376 1903 post
414 1857 652 1894 remissiones
680 1869 788 1906 saepe
815 1856 1025 1903 notabiles,
1055 1854 1266 1893 intentione

142 1929 280 1976 majore
322 1927 477 1965 redeunt
513 1927 702 1975 vitamque
731 1927 883 1967 tollunt.
936 1925 997 1963 Ab
1024 1926 1136 1962 altera
1162 1932 1267 1972 parte

140 2000 252 2047 longe
276 1998 387 2037 citius
412 1997 450 2035 in
475 1997 696 2045 quibusdam
725 1997 873 2036 casibus
901 1995 977 2034 vita
1007 1993 1264 2042 extinguitur,

1139 2073 1267 2110 quam-

144 2132 146 2138 ’
184 2138 233 2178 (ι)
261 2137 382 2167 Edinb.
399 2137 513 2166 medic.
530 2137 598 2166 and
608 2137 731 2176 surgic.
745 2137 865 2166 Journ.
883 2133 1035 2166 XXVU.
1051 2133 1104 2184 C'f.
1120 2132 1145 2162 C
1159 2130 1269 2162 hris-

142 2193 253 2223 rison
268 2212 278 2227 ,
304 2190 386 2220 ibid.

185 2244 232 2283 (2)
256 2241 400 2273 Orsila
428 2242 451 2272 1.
475 2253 502 2273 c.
525 2253 557 2282 p.
587 2241 655 2274 380.
678 2253 746 2282 seq.

191 2316 288 2346 ENS.
638 2316 646 2322 ·
702 2303 730 2339 Β
