1487 2625
276 243 342 286 148
487 233 907 276 COMMENTATIO
935 233 1160 274 MEDICA.

321 349 360 384 in
396 356 489 393 aqua
532 354 607 381 non
646 343 869 389 solvuntur,
909 353 1130 391 quamquam
1170 343 1370 383 Hahne·

264 427 404 456 mann
438 421 594 452 testatur
633 412 958 460 Auripigmentum
997 413 1162 452 naturale
1200 414 1298 452 solvi
1332 415 1371 453 in

263 497 336 534 500
363 495 478 532 aquae
500 481 894 531 partibus‚artificiale
919 482 1064 520 veroin
1081 485 1156 522 600
1170 484 1256 534 (1).
1286 485 1370 524 De-

259 567 280 593 c
295 567 318 593 o
335 568 357 593 u
373 554 459 592 rde
474 564 581 591 man
596 566 616 592 c
631 554 687 591 he
709 553 804 590 enim
831 551 1076 600 observavit,
1102 554 1196 593 illud
1220 554 1369 594 decom-

257 625 348 674 poni
373 626 471 663 lente
496 624 533 661 in
570 635 664 672 aqua
698 623 824 672 firgida
843 651 855 668 .,
893 623 1005 662 citius
1043 623 1082 662 in
1109 624 1234 662 eadem
1266 624 1371 662 ebul-

256 696 397 742 liente,
424 694 602 733 citissime
632 705 722 732 vero
762 693 799 730 in
833 693 1045 742 liquoribus
1083 693 1279 743 principiis
1310 705 1372 732 or·

256 767 395 816 ganicis
431 764 675 804 scatentibus.
735 762 814 801 Illis
853 763 892 801 in
925 763 1048 802 causis
1081 763 1364 812 Hydrogenium

255 837 376 875 oritur
404 836 663 885 snlphuratutn
701 843 815 881 atque
844 833 1018 882 ‘oxydum
1049 824 1220 872 Arsenici
1244 833 1368 881 liquo-

254 906 358 944 ribus
385 905 457 943 illis
489 903 652 942 solubile
677 901 763 953 (2).
831 902 910 941 Hac
949 903 1093 941 ratione
1128 904 1363 952 explicantur

255 975 502 1025 proprietates
533 983 731 1012 venenatae
755 972 873 1022 ipsius
907 973 1041 1011 metalli
1079 972 1117 1010 in
1143 974 1371 1023 sulphureto*

254 1044 474 1095 praesentis.

302 1115 518 1161 Utrumque
548 1121 604 1150 est
643 1120 862 1150 venenatum
897 1110 984 1162 (3).
1037 1111 1270 1150 Veneficium
1296 1113 1363 1150 ho·

252 1197 333 1223 rum
373 1196 445 1233 ope
485 1183 696 1220 institutum
729 1181 910 1230 probetur
937 1181 1073 1219 metalli
1097 1181 1360 1228 restitutione,

248 1263 354 1293 antea
385 1253 482 1291 dicta
507 1252 661 1290 ratione.
711 1251 755 1288 In
796 1249 987 1298 principiis
1017 1250 1200 1297 organicis
1236 1253 1359 1290 notari

247 1326 359 1364 debet
391 1325 497 1361 color
530 1322 664 1360 flavus.
718 1321 985 1368 Sulphuretum
1026 1319 1248 1358 Ammoniae
1288 1332 1360 1369 ope

247 1396 343 1434 solvi
375 1401 501 1443 potest
542 1392 707 1439 illudque
743 1391 873 1429 deinde
900 1388 1089 1427 additione
1111 1389 1204 1428 acidi
1226 1391 1360 1428 muria·

245 1466 309 1504 tici
347 1477 392 1503 ex
421 1476 461 1502 ea
497 1461 666 1502 extricari
698 1461 834 1508 debet,
875 1468 986 1508 atque
1020 1459 1243 1508 decomponi
1277 1468 1357 1498 tan·

247 1536 344 1574 dem.

286 1680 334 1720 (ι)
358 1678 381 1709 Ι.
404 1689 432 1710 c.
454 1689 486 1718 p.
510 1677 560 1709 14.
588 1680 621 1719 5.
640 1677 690 1708 52.
712 1687 750 1716 p.
768 1676 815 1707 15.
838 1677 867 1718 §.
888 1675 938 1707 32.

286 1732 334 1772 (2)
356 1732 475 1761 Journ.
497 1731 536 1760 de
567 1730 769 1759 Pharmacie
783 1749 793 1766 ,
830 1728 925 1760 XIII.
956 1738 1027 1769 207.
1061 1728 1112 1759 Cf.
1135 1728 1161 1759 C
1176 1727 1197 1758 h
1211 1728 1278 1759 ris
1293 1729 1351 1759 ti-

243 1794 346 1820 son,
370 1783 394 1811 1,
416 1793 444 1813 c.
475 1793 508 1821 p.
535 1782 608 1812 286.

286 1838 332 1877 (3)
357 1836 386 1866 Ο
403 1846 417 1865 r
432 1835 520 1865 fila
536 1856 545 1871 ‚
581 1835 603 1865 1.
626 1846 653 1866 e.
676 1845 709 1874 p.
730 1834 802 1868 450.
823 1845 893 1875 seq,
917 1835 1054 1866 Archiv.
1074 1839 1186 1877 ge'ner.
1208 1833 1246 1866 de
1267 1837 1349 1867 med·

246 1891 322 1920 Par.
345 1891 435 1929 1829.
457 1889 555 1918 Mars.
