1487 2625
201 209 246 236 10
554 196 953 238 INTRODUCTIO.

196 305 403 353 freq-nentia
434 305 625 343 hominum
642 334 655 353 ‚
683 316 795 354 atque
817 318 886 354 pro
913 307 1011 345 varia
1026 308 1308 356 opportunitate

195 376 241 413 de
261 375 370 412 variis
399 362 508 412 reb-us
524 403 536 421 9
563 376 778 413 disserebat.
833 377 914 414 Nec
939 377 1043 413 aliter
1067 378 1197 425 agebat
1221 389 1307 416 cum

195 444 239 481 iis
273 445 506 493 juvenibus,
549 437 644 492 qui,
683 447 802 493 ipsius
835 446 1060 484 humanitate
1099 455 1136 485 et
1171 447 1307 487 virtute

190 514 344 561 allecti,
381 515 524 553 assidua
558 516 637 564 ejus
674 516 945 553 consuetudine
969 516 1190 556 utebantur:
1220 528 1308 565 pro-

187 584 243 622 uti
281 585 320 621 in
358 584 490 621 horum
527 586 654 633 aliquo
691 597 850 623 errorem
882 595 945 623 aut
989 598 1146 635 pravum
1192 586 1305 625 animi

189 654 352 692 studium
402 657 712 693 animadvertebat
757 657 1018 703 evellendum,
1059 657 1123 694 aut
1164 657 1305 696 bonum

186 724 330 770 aliquid
367 725 614 772 eliciendum,
665 727 710 764 ad
754 727 826 764 hoc
869 738 1072 764 sermonem
1107 714 1303 775 dirigebat.

185 793 374 833 Praeterea
399 807 439 832 ea
468 796 577 843 ipsa,
618 807 714 843 quae
750 798 799 834 ita
828 807 898 845 pro
924 797 1047 835 oblata
1079 797 1306 847 opportuni-

182 872 257 900 tate
294 864 526 913 disserebat,
565 876 644 902 non
682 865 870 913 redigebat
900 866 947 904 ad
969 875 1068 904 certa
1092 866 1303 915 principia,

182 933 248 971 sed
271 934 432 972 exordiri
455 936 598 972 solebat
621 935 666 971 ab
692 935 760 980 iis,
790 946 883 982 quae
904 936 950 973 ab
974 936 1149 973 omnibus
1169 922 1304 984 agnos-

179 1010 374 1048 cei-entur,
415 1006 472 1043 διὰ
497 1009 565 1044 τῶν
593 1006 760 1052 μάλιστα
786 1007 1071 1054 ὁμολογουμένων
1095 1008 1300 1056 ἐπορεύετο,

183 1081 223 1109 ut
264 1072 315 1109 ait
352 1074 648 1120 Xenophon,
687 1074 779 1110 hanc
819 1075 1040 1113 tutissimam
1074 1076 1120 1113 ad
1159 1075 1302 1122 aliquid

181 1143 263 1181 aliis
287 1144 580 1190 persuadendum
610 1144 702 1180 viam
730 1154 811 1180 esse
838 1144 1053 1181 existimans
1078 1144 1160 1192 (1).
1206 1144 1300 1181 Non

180 1213 294 1260 igitur
317 1211 424 1250 facile
453 1213 538 1259 quis
555 1241 567 1259 ‚
609 1213 645 1249 in
683 1213 784 1250 hisce
821 1213 954 1251 studiis
979 1224 1131 1258 novus,
1167 1225 1214 1250 ex
1239 1213 1299 1251 his

179 1294 255 1320 non
292 1284 385 1320 inter
420 1295 459 1319 se
480 1283 621 1331 junctis
649 1292 684 1319 et
711 1294 780 1329 pro
808 1283 904 1320 varia
931 1287 1212 1330 opportunitate
1235 1283 1301 1321 ha·

176 1354 267 1391 bitis
305 1353 567 1397 sermonibus,
606 1360 720 1389 totam
746 1353 925 1398 quandam
950 1353 994 1390 de
1021 1352 1131 1390 rebus
1161 1351 1297 1390 divinis

177 1423 378 1460 doctrinam
408 1421 606 1468 conficiat,
637 1431 672 1458 et
699 1431 881 1469 exponat,
911 1422 1103 1468 quomodo
1130 1421 1297 1469 singulae

178 1495 256 1542 eJus
282 1502 405 1540 partes
435 1493 469 1528 in
501 1491 724 1528 Socratis
753 1501 874 1528 mente
889 1493 1107 1541 conjunctae
1128 1490 1292 1538 fuerint,

176 1565 390 1611 quibusque
416 1562 662 1599 fundamentis
691 1562 911 1600 innitantur.

227 1633 341 1671 Aliud
366 1633 471 1670 etiam
496 1643 574 1678 est,
604 1633 706 1678 quod
726 1631 972 1669 difficultatem
999 1639 1126 1678 auget:
1157 1642 1291 1679 nempe

175 1703 450 1749 Xenophon
497 1702 722 1749 conscripsit
770 1702 903 1738 librum
951 1712 1085 1746 suum,
1131 1711 1208 1737 non
1247 1708 1290 1737 ut

173 1772 363 1821 praeberet
399 1772 590 1819 imaginem
628 1771 873 1817 Socratis,
911 1770 1085 1807 omnibus
1124 1770 1288 1808 numeris

172 1841 377 1880 absolutam
397 1872 409 1889 ‚
438 1844 501 1880 sed
527 1851 569 1878 ut
595 1854 675 1878 euin
705 1841 915 1878 ostenderet
943 1841 1079 1890 injuste
1099 1840 1144 1877 ab
1172 1840 1290 1878 Athe-

171 1913 363 1950 niensibus
388 1924 468 1949 esse
494 1913 729 1958 daninatinng
772 1913 815 1948 ad
853 1912 923 1948 hoc
951 1911 1064 1959 igitur
1088 1910 1287 1947 consilium

173 1992 266 2029 quae
302 1982 509 2019 conducere
550 1982 799 2027 videbantur,
842 1992 881 2018 ea
920 1982 1032 2018 modo
1068 1980 1285 2027 complexus

170 2061 238 2093 Εδῖ,

1208 2101 1285 2138 Ac-

211 2173 259 2211 (1)
296 2172 366 2201 Cfr.
398 2169 442 2201 G,
478 2171 699 2210 Wiggers,
741 2173 921 2208 Socrates,
960 2171 1012 2200 als
1038 2169 1193 2206 Menscla,
1231 2169 1284 2199 als

167 2227 300 2265 Bz'c'rger
332 2226 398 2253 und
430 2225 483 2253 (tls
516 2225 719 2265 Philo-soph,
759 2224 838 2269 (⁰d·.
859 2224 921 2263 IL)
967 2235 999 2262 p.
1032 2225 1086 2254 181
1118 2233 1212 2262 seq.,
1251 2225 1284 2250 et

165 2278 226 2307 W.
251 2278 305 2307 Fr.
334 2278 442 2315 Krug
458 2299 466 2313 ,
497 2279 608 2308 Gesch.
626 2278 787 2311 dchlzil.
803 2280 890 2309 ulier
905 2279 981 2309 Zeic
1004 2278 1069 2318 (ed.
1091 2279 1156 2316 ιιι)
1183 2279 1213 2316 ᾗ·
1228 2274 1279 2315 59·

167 2332 217 2362 Cf.
240 2334 375 2363 Memor.
401 2331 458 2362 lV=
487 2342 514 2362 C.
537 2332 566 2362 6.
594 2335 623 2372 ᾗ,
649 2332 697 2362 15.
