1487 2625
453 185 860 224 CHEMICA.
1164 194 1209 231 Ξ5

110 296 194 334 Hoc
229 293 379 342 opificio
413 293 595 330 cernimus
629 293 930 330 Creosotum
959 292 1062 328 nullo
1090 292 1214 329 coio‘re

109 362 276 402 transire.
329 362 474 412 Quodsi
503 364 663 400 colorem
703 373 887 400 assumere
927 361 1098 409 incipiat,
1135 373 1214 398 mu·

113 441 210 471 tetur
236 432 430 480 recipiens.

162 504 261 541 Haec
302 502 429 540 ultima
465 501 684 549 methodus,
724 500 921 539 destillatio
964 511 1096 549 nempe
1131 512 1213 539 curu

109 574 322 611 chlorureto
361 572 493 619 calcii,
530 583 759 620 nequaquam
801 571 1025 608 considerari
1060 579 1217 619 potest,

111 643 312 680 secundum
340 641 583 689 experimenta
606 653 625 678 a
651 639 1047 678 Reichenbaehio
1072 649 1214 687 sumta,

111 720 282 759 tanquam
308 711 451 749 idonea.
485 711 620 760 Judicii
650 720 768 748 autem
799 710 1216 763 sui-Reichenssbach

111 781 203 818 hanc
236 781 412 818 rationem
448 781 547 818 dedit
586 781 678 832 <1):
717 781 923 818 Vehemens
947 781 1132 829 pulsatio,
1161 781 1217 818 in-

110 850 216 897 quit,
255 861 348 898 quae
375 851 492 888 oritur
510 878 522 896 ‚
547 850 577 887 si
617 853 904 890 Creosotum
923 877 935 896 ‚
963 862 1093 899 aquam
1121 863 1212 889 con-

110 919 232 957 tinens
247 947 259 966 ‚
283 931 367 957 cum
389 921 602 959 chlorureto
624 919 726 958 calcii
753 920 960 958 destillatur
975 948 987 967 ‚
1018 921 1110 959 hanc
1136 922 1218 960 des-

111 989 325 1028 tillationem
351 990 516 1038 impedit.

161 1059 249 1109 Quo
285 1061 420 1098 certius
459 1060 556 1107 apud
588 1071 644 1096 me
669 1068 880 1105 constaret,
907 1069 994 1096 uter
1018 1060 1084 1098 hac
1110 1060 1147 1098 in
1181 1073 1218 1098 re

112 1127 205 1166 bene
255 1128 412 1175 viderit,
453 1128 534 1176 ipse
580 1130 686 1166 talem
729 1128 1011 1166 destinationem
1058 1129 1217 1169 institui.

113 1198 261 1237 Nullam
295 1210 382 1236 vero
412 1200 656 1247 pulsationem
687 1199 724 1236 in
751 1210 790 1254 ea
812 1198 1130 1248 animadvertens,
1155 1214 1219 1239 co-

112 1276 215 1306 actus
245 1279 326 1306 sum
354 1269 436 1307 De‘l
466 1269 616 1307 Bueio
647 1270 812 1307 assentiri
842 1268 926 1318 (2).

603 1394 636 1440 ς.
670 1404 729 1430 11.

248 1495 308 1532 De
334 1497 516 1535 nonnullis
549 1498 580 1536 C
594 1510 611 1534 r
621 1510 640 1536 e
651 1510 673 1535 ο
684 1510 701 1535 s
713 1502 780 1537 oti
804 1503 893 1550 puri
921 1501 1081 1540 indicias.

165 1608 455 1649 Creosotum
473 1641 485 1658 ‚
523 1616 595 1651 una
620 1615 780 1653 alterave
806 1616 931 1654 harum
959 1619 1216 1658 methodorum

112 1678 336 1727 collectum,
364 1692 488 1720 revera
516 1695 596 1721 esse
623 1697 755 1733 purum
772 1714 784 1733 ,
820 1697 867 1724 ex
894 1688 1136 1735 sequentibus
1165 1690 1217 1727 in·

112 1745 216 1784 diciis
240 1749 406 1795 patebit:
1080 1735 1082 1737 Ι

168 1828 200 1854 1.
254 1817 336 1856 Nec
364 1820 463 1858 acide
489 1834 609 1870 neque
636 1825 781 1863 alcalice
808 1836 943 1874 reagat.

164 1898 202 1925 α.
255 1887 487 1928 Creosoti
513 1892 549 1930 in
573 1893 702 1932 lixivio
725 1905 895 1943 potassae
920 1898 1102 1936 causticae
1127 1912 1216 1938 con-

1132 1982 1217 2008 cen*

157 2024 204 2063 (ι)
230 2024 307 2056 vid.
329 2026 533 2059 Erdmann
556 2042 590 2061 u·
610 2031 872 2074 Schweigger
895 2034 1059 2074 Seidel,
1094 2040 1215 2069 Journ.

115 2076 268 2110 Tom.11.
287 2081 386 2118 p.61.

157 2131 205 2172 (2)
229 2132 378 2168 Omnium
392 2155 401 2171 ,
425 2144 502 2174 quas
514 2137 760 2167 memoravimus
774 2159 782 2175 ‚
806 2141 937 2177 parandi
950 2143 1107 2174 rationum
1121 2145 1217 2176 Rei-

115 2183 425 2217 chenbaehiana
451 2199 489 2217 ex
501 2189 572 2228 pice
592 2190 714 2231 liquida
737 2196 784 2221 est
797 2194 955 2231 aptissima
976 2196 1014 2225 ad
1038 2197 1217 2230 Creoso..

116 2240 196 2268 tum
217 2249 329 2278 purum
352 2243 595 2283 acquirendum;
647 2245 832 2277 brevissima
854 2253 957 2279 autem
978 2254 1024 2281 est
1044 2250 1215 2286 Methodus

114 2290 569 2326 secundumcalderini.
831 2305 833 2307 '
888 2301 890 2303 ’
