1487 2625
226 219 273 263 48
455 215 1121 255 COMMENTATIO

228 323 411 363 istimabat
434 325 555 361 omnia
579 323 700 371 scire,
729 334 764 362 et
793 336 886 372 quae
917 326 1154 373 dicerentur,
1182 335 1218 364 et
1246 338 1339 375 quae

226 403 444 443 agerentur,
473 402 510 430 et
534 405 629 440 quae
653 395 775 433 animo
805 396 1070 442 volverentur,
1109 404 1220 443 atque
1248 395 1337 433 ubi-

226 467 283 502 vis
306 464 433 501 adesse
447 491 459 510 ‚
487 472 525 501 et
551 463 721 501 homines
748 464 943 501 admonere
963 466 1009 502 de
1028 463 1203 502 omnibus
1225 464 1337 503 rebus

224 534 395 572 humanis
423 533 508 580 (1).
562 534 664 571 Deos
689 544 817 571 curare
844 545 901 571 res
935 535 1138 581 humanas,
1176 542 1213 572 et
1239 535 1339 584 sapi·

225 612 353 650 enter,
393 603 576 653 benigne,
613 605 791 653 justeque
827 616 886 641 eas
915 604 1123 652 moderari,
1161 604 1199 642 id
1225 603 1341 653 inpri-

224 672 294 711 mis
332 674 458 711 amicis
497 673 577 711 suis
612 674 854 722 persuadere,
899 683 934 712 et
957 675 1030 712 alte
1055 685 1183 712 eorum
1208 673 1340 712 animis

224 743 376 793 infigere
413 744 598 786 studebat,
648 743 755 781 Hanc
784 743 879 781 enirn
906 743 1182 792 persuasionem
1207 743 1337 781 merito

225 813 510 852 efficacissimam
560 812 718 852 habebat
768 815 811 852 ad
853 814 1023 852 homines
1063 813 1336 853 informandos.

222 885 433 932 Antequam
481 884 639 933 juvenes
689 884 734 921 ad
791 883 1054 932 rempublicam
1116 893 1180 923 aut
1230 883 1336 922 aliam

222 965 496 1002 quamcumque
566 962 679 992 artem
744 954 1005 1001 capessendam
1083 951 1299 991 informaret
1323 980 1337 1000 ,

222 1024 487 1070 existimabat,
561 1035 627 1061 eos
692 1024 738 1061 ad
801 1022 977 1060 virtutem
1037 1033 1119 1061 esse
1175 1020 1339 1060 forman-

221 1095 314 1133 dos:
368 1093 519 1131 virtutis
557 1101 677 1131 autem
721 1092 999 1130 fundamentum
1034 1102 1149 1139 quum
1188 1090 1338 1129 haberet

220 1163 392 1213 pietatem
421 1174 504 1212 erga
530 1163 657 1207 Deos,
697 1171 781 1199 ante
815 1161 938 1199 omnia
962 1160 1089 1198 amicis
1116 1159 1337 1208 persuadere

222 1233 419 1279 studebat,
450 1233 552 1270 Deos
581 1231 691 1269 rebus
719 1231 889 1268 humanis
916 1229 1094 1268 interesse
1108 1225 1194 1278 (η).
1221 1229 1337 1278 Quod

221 1315 294 1350 qua
343 1303 484 1340 ratione
533 1310 682 1349 ageret,
724 1299 911 1348 paulisper
945 1299 1152 1337 videamus.
1207 1297 1339 1336 Aris-

219 1373 435 1410 todemus
462 1372 555 1420 (3),
584 1381 699 1418 quum
728 1381 809 1407 esse
829 1372 931 1408 Deos
950 1369 1185 1417 agnovisset,
1218 1368 1336 1416 dicit,

222 1455 262 1480 se
299 1444 398 1481 Deos
436 1451 512 1479 non
548 1440 833 1488 neglecturum,
873 1439 906 1477 si
947 1439 1040 1478 istos
1068 1450 1127 1477 res
1157 1439 1335 1477 humanas

218 1524 345 1550 curare
410 1511 650 1549 existimaret.
741 1510 971 1548 Socrates
1012 1509 1126 1556 igitur
1176 1508 1335 1557 probat,

220 1584 323 1621 Deos
364 1593 422 1619 res
460 1581 637 1619 humanas
675 1589 752 1617 non
781 1580 893 1617 modo
916 1590 993 1617 non
1021 1578 1235 1627 negligere,
1271 1580 1336 1617 sed

219 1667 306 1703 prae
345 1652 476 1691 ceteris
516 1644 694 1688 omnibus
723 1661 832 1687 curae
858 1649 1007 1687 habere.
1063 1649 1223 1687 Primum
1253 1649 1336 1697 qui-

220 1727 299 1764 dem
351 1723 383 1761 ei
425 1721 609 1770 exponit,
651 1731 758 1766 quam
808 1721 988 1757 excellens
1035 1730 1122 1767 prae
1157 1718 1334 1758 omnibus

221 1800 301 1838 aliis
333 1795 584 1836 animantibus
607 1803 746 1839 corpus
772 1790 972 1827 humanum
995 1787 1174 1825 effinxerit
1199 1788 1334 1836 Deus;

223 1869 384 1914 deinde,
439 1876 547 1913 quam
584 1870 825 1912 praestantem
867 1862 1026 1897 animum
1066 1860 1098 1896 ei
1133 1858 1331 1897 indiderit:

225 1938 363 1987 quibus
401 1936 489 1982 fiat,
531 1943 570 1972 ut
604 1934 769 1972 Deorum
806 1931 850 1968 ad
874 1929 991 1968 instar
1032 1929 1200 1967 homines
1237 1929 1334 1968 inter

1281 2010 1337 2036 re·

266 2097 314 2138 (ι)
350 2095 403 2127 Cf.
425 2096 522 2124 Mem.
547 2092 574 2122 Ι.
599 2094 631 2133 5.
653 2101 683 2122 ι.
706 2094 733 2129 §.
757 2099 808 2130 19.

266 2152 314 2190 (2)
351 2149 442 2178 Hanc
481 2146 578 2176 fuisse
621 2143 815 2176 Socratis
854 2141 888 2170 in
919 2141 1090 2181 juvenibus
1125 2140 1334 2171 informandis

223 2203 334 2244 agendi
357 2202 511 2231 rationem
528 2221 537 2235 ‚
568 2196 802 2235 Xenophon
824 2194 936 2225 refert.
978 2193 1029 2224 Cf.
1051 2196 1149 2229 Mem.¹
1173 2192 1235 2224 lv.
1258 2204 1286 2224 c.
1303 2193 1334 2224 5.

227 2261 257 2298 §.
280 2266 309 2286 1.
332 2259 363 2284 et.
384 2264 464 2294 quae
486 2253 635 2290 deinceps
658 2251 719 2280 hoc
740 2249 844 2288 capite
865 2250 1053 2278 tractantur.

267 2309 314 2349 (ὅ)
351 2306 403 2337 Cf.
424 2308 522 2336 illem.
547 2305 573 2334 1.
595 2313 623 2333 c.
644 2302 676 2333 4.
700 2304 728 2332 ⁹⁴.
751 2299 862 2333 11-15.
