1487 2625
272 201 314 227 12
485 187 1146 228 COMMENTATIO

267 295 328 342 di,
353 297 463 334 modo
492 303 685 333 enarratae.
741 296 809 332 Vei
851 296 903 332 sic
940 306 1058 334 tamen
1094 308 1168 335 non
1202 306 1256 336 est
1287 297 1370 336 bre-

267 365 350 403 vior
379 366 466 412 illa,
501 366 547 403 de
580 376 650 412 qua
681 376 791 412 supra
816 365 991 403 diximus.
1059 366 1280 404 Absolvitur
1305 378 1371 405 au-

268 445 339 473 tem
365 435 488 473 hisce:

318 506 535 544 Destilletur
557 505 621 553 pix
647 505 785 552 liquida
804 533 816 552 ,
843 516 886 542 cx
909 505 1009 553 ligno
1026 513 1172 552 parata,
1196 504 1235 542 in
1252 503 1369 542 ferrea

264 582 426 620 retorta,
455 586 573 622 usque
606 576 692 612 dum
727 575 912 613 residuum
947 575 1158 613 densitatem
1189 573 1370 622 acceperit

262 644 356 691 picis
383 644 521 681 navalis
547 645 604 681 vel
633 645 809 682 sutorIae.
877 644 1009 682 Oleum
1037 644 1217 682 transiens
1244 643 1370 681 destil-

264 714 360 750 letur
383 713 421 750 in
451 722 584 750 retorta
611 714 739 750 vitrea.
782 712 941 750 Primum
967 713 1032 749 hac
1062 712 1099 749 in
1124 709 1371 750 destillatiOne

265 782 443 820 transiens
479 785 624 828 oleum,
671 794 754 820 cum
794 782 964 830 specifice
999 782 1118 819 levius
1157 781 1206 819 sit
1243 792 1364 828 aqua,

263 852 345 890 ideo
382 861 595 900 separetur,
634 853 719 899 quia
750 863 876 900 parum
917 851 1156 890 Creosoti
1188 851 1368 889 continet.

263 923 447 971 Deinceps
469 922 650 959 transiens
671 923 791 958 oleum
814 921 984 968 specifice
1005 921 1155 969 gravius
1177 929 1232 958 est
1250 931 1368 967 aqua,

263 1003 298 1030 et
324 994 440 1030 multo
466 993 634 1041 maJ'orem
661 991 890 1031 Creosoti
921 991 1160 1039 quantitatem
1185 989 1368 1028 continet.

262 1065 491 1102 Postremum
517 1064 587 1099 hoc
613 1062 733 1099 oleum
759 1069 944 1098 saturetur
964 1060 1163 1098 carbonate
1177 1067 1366 1108 potassae‚

266 1143 343 1180 quo
365 1132 514 1180 opificio
536 1131 717 1169 formatur
741 1140 860 1168 acetas
889 1139 1056 1178 potassae
1072 1160 1080 1175 ,
1109 1130 1195 1167 dum
1222 1128 1365 1167 acidum

260 1202 495 1239 carbonicum
523 1202 732 1247 excutitur,
759 1202 866 1250 cujus
890 1200 940 1237 rei
963 1200 1136 1237 indicium
1161 1207 1218 1236 est
1243 1198 1366 1235 oriens

262 1271 550 1311 effervescentia.
605 1272 823 1319 Separatur,
850 1282 942 1317 quae
968 1269 1016 1307 ita
1039 1269 1221 1308 formatur
1247 1278 1364 1306 acetas

261 1352 456 1392 potassae,
484 1352 519 1379 et
547 1353 675 1379 rursus
703 1341 906 1378 destinetur
937 1340 1057 1377 oleum
1075 1368 1086 1384 ,
1118 1341 1213 1377 unde
1243 1339 1364 1376 eadem

261 1413 442 1461 separatio
468 1412 607 1452 existit.
659 1410 792 1448 Oleum
822 1410 858 1448 in
893 1422 987 1456 aqua
1020 1409 1176 1447 fundum
1206 1417 1364 1456 petens,

260 1483 492 1520 concutiatur
527 1493 610 1518 cum
650 1480 779 1518 lixivio
815 1489 984 1528 potassae
1026 1479 1234 1524 causticae,
1277 1490 1364 1524 1,12

263 1553 378 1599 pond.
407 1563 509 1600 spec.
564 1551 697 1588 Oleum
717 1578 729 1595 ,
757 1551 829 1587 hoc
860 1550 1010 1596 opificio
1046 1557 1280 1596 separatum,
1308 1557 1365 1585 est

265 1621 444 1668 Eupion,
469 1620 570 1667 quod
599 1619 683 1656 item
710 1628 914 1667 separetur.
953 1619 1098 1656 Solutio
1125 1627 1244 1656 autem
1271 1619 1367 1655 alca-

264 1690 336 1727 lina
361 1690 397 1727 in
423 1699 554 1736 aperto
579 1701 662 1727 vase
688 1688 884 1734 calefacta,
916 1689 1001 1725 hinc
1028 1688 1236 1725 brunneum
1263 1688 1366 1724 colo·

263 1772 336 1798 rem
377 1760 535 1807 accipit,
574 1759 657 1806 quia
699 1758 919 1806 principium
960 1757 1154 1805 oxydabiIe
1189 1756 1364 1794 absorbet

261 1833 354 1868 aiiris
377 1829 614 1878 oxygenium.

314 1901 414 1938 Haec
440 1900 579 1937 solutio
606 1909 704 1936 nunc
732 1898 893 1935 brunnea
920 1896 1039 1943 facta,
1073 1899 1365 1944 decomponatur

252 1982 333 2018 ‘ope
356 1970 447 2007 acidi
467 1968 671 2017 sulphurici
694 1968 815 2008 diluti.
871 1968 931 2004 Sic
958 1968 1139 2014 impurum
1163 1967 1360 2004 Creoso·

262 2050 354 2076 tum
381 2046 595 2086 separatur,
626 2037 726 2085 quod
757 2048 885 2074 rursus
908 2036 1115 2073 destilletur
1142 2045 1224 2072 cum
1252 2045 1361 2081 parva

260 2118 428 2156 potassae
456 2107 636 2144 causticae
664 2107 879 2154 quantitate.
935 2105 1146 2144 Destillatio
1170 2115 1258 2142 vero
1281 2113 1359 2139 tum

260 2178 547 2222 intermittatur,
585 2189 698 2223 quum
731 2187 886 2225 vapores
909 2174 1143 2213 Creosoti
1169 2173 1266 2210 haud
1290 2183 1367 2209 am·

263 2248 359 2296 plius
386 2246 577 2284 sufficienti
607 2246 808 2293 quantitate
834 2254 1037 2290 transeant,
1065 2243 1204 2281 etiamsi
1228 2250 1365 2279 retorta-

1271 2310 1363 2347 niul-
