<?xml version="1.0" encoding="UTF-8"?>
<!DOCTYPE html PUBLIC "-//W3C//DTD XHTML 1.0 Transitional//EN"
    "http://www.w3.org/TR/xhtml1/DTD/xhtml1-transitional.dtd">
<html xmlns="http://www.w3.org/1999/xhtml" xml:lang="en" lang="en">
 <head>
  <title>
</title>
<meta http-equiv="Content-Type" content="text/html;charset=utf-8" />
  <meta name='ocr-system' content='tesseract 3.04.00' />
  <meta name='ocr-capabilities' content='ocr_page ocr_carea ocr_par ocr_line ocrx_word'/>
</head>
<body>
  <div class='ocr_page' id='page_1' title='image "annalesacademiae35rhen_0108.png"; bbox 0 0 1487 2625; ppageno 0'>
   <div class='ocr_carea' id='block_1_1' title="bbox 152 148 946 207">
    <p class='ocr_par' dir='ltr' id='par_1_1' title="bbox 152 148 946 207">
     <span class='ocr_line' id='line_1_1' title="bbox 152 148 946 207; baseline -0.001 -1"><span class='ocrx_word' id='word_1_1' title='bbox 152 148 211 206; x_wconf 61' lang='grc' dir='ltr'>’ω</span> <span class='ocrx_word' id='word_1_2' title='bbox 499 170 946 207; x_wconf 69' lang='lat' dir='ltr'><strong>ADNOTATIQ</strong></span> 
     </span>
    </p>
   </div>
   <div class='ocr_carea' id='block_1_2' title="bbox 166 273 1288 1235">
    <p class='ocr_par' dir='ltr' id='par_1_2' title="bbox 166 273 1288 1235">
     <span class='ocr_line' id='line_1_2' title="bbox 166 273 1269 324; baseline 0 -13"><span class='ocrx_word' id='word_1_3' title='bbox 166 277 320 324; x_wconf 76' lang='lat' dir='ltr'><strong><em>Anhanq</em></strong></span> <span class='ocrx_word' id='word_1_4' title='bbox 337 289 383 311; x_wconf 75' lang='lat' dir='ltr'>zu</span> <span class='ocrx_word' id='word_1_5' title='bbox 403 277 517 311; x_wconf 74' lang='lat' dir='ltr'>denen</span> <span class='ocrx_word' id='word_1_6' title='bbox 534 277 827 324; x_wconf 75' lang='lat' dir='ltr'>Gundlinqianis.</span> <span class='ocrx_word' id='word_1_7' title='bbox 852 276 953 313; x_wconf 79' lang='lat' dir='ltr'>Halle</span> <span class='ocrx_word' id='word_1_8' title='bbox 967 276 1071 312; x_wconf 88' lang='grc'><strong>1737.</strong></span> <span class='ocrx_word' id='word_1_9' title='bbox 1081 285 1163 323; x_wconf 76' lang='lat' dir='ltr'><strong>pag.</strong></span> <span class='ocrx_word' id='word_1_10' title='bbox 1177 273 1269 311; x_wconf 84' lang='lat'><strong>275:</strong></span> 
     </span>
     <span class='ocr_line' id='line_1_3' title="bbox 167 335 1274 388; baseline -0.002 -15"><span class='ocrx_word' id='word_1_11' title='bbox 167 366 189 382; x_wconf 88' lang='lat'>‚‚</span> <span class='ocrx_word' id='word_1_12' title='bbox 217 350 322 373; x_wconf 86' lang='lat' dir='ltr'>wenn</span> <span class='ocrx_word' id='word_1_13' title='bbox 341 338 519 372; x_wconf 66' lang='lat' dir='ltr'>Gaiae-ius</span> <span class='ocrx_word' id='word_1_14' title='bbox 545 338 603 372; x_wconf 83' lang='lat' dir='ltr'>ein</span> <span class='ocrx_word' id='word_1_15' title='bbox 626 338 852 388; x_wconf 73' lang='lat' dir='ltr'>hesehlepter</span> <span class='ocrx_word' id='word_1_16' title='bbox 882 336 1166 384; x_wconf 80' lang='lat' dir='ltr'>glossenmacher</span> <span class='ocrx_word' id='word_1_17' title='bbox 1187 335 1274 372; x_wconf 84' lang='lat' dir='ltr'>oder</span> 
     </span>
     <span class='ocr_line' id='line_1_4' title="bbox 166 397 1276 444; baseline -0.002 -11"><span class='ocrx_word' id='word_1_18' title='bbox 166 425 189 442; x_wconf 92' lang='lat'><strong>„</strong></span> <span class='ocrx_word' id='word_1_19' title='bbox 218 398 363 433; x_wconf 83' lang='lat' dir='ltr'>elender</span> <span class='ocrx_word' id='word_1_20' title='bbox 397 397 610 444; x_wconf 74' lang='lat' dir='ltr'>loyes-fidler</span> <span class='ocrx_word' id='word_1_21' title='bbox 645 409 808 443; x_wconf 77' lang='lat' dir='ltr'>gewesen</span> <span class='ocrx_word' id='word_1_22' title='bbox 844 402 960 441; x_wconf 69' lang='lat' dir='ltr'>wiire,</span> <span class='ocrx_word' id='word_1_23' title='bbox 1000 410 1073 433; x_wconf 83' lang='lat' dir='ltr'>was</span> <span class='ocrx_word' id='word_1_24' title='bbox 1106 397 1210 444; x_wconf 77' lang='lat' dir='ltr'>gilts,</span> <span class='ocrx_word' id='word_1_25' title='bbox 1237 408 1276 431; x_wconf 83' lang='lat' dir='ltr'>es</span> 
     </span>
     <span class='ocr_line' id='line_1_5' title="bbox 166 458 1277 506; baseline -0.003 -12"><span class='ocrx_word' id='word_1_26' title='bbox 166 487 188 503; x_wconf 90' lang='lat'>‚‚</span> <span class='ocrx_word' id='word_1_27' title='bbox 218 460 368 494; x_wconf 73' lang='lat' dir='ltr'>wurden</span> <span class='ocrx_word' id='word_1_28' title='bbox 405 459 463 492; x_wconf 88' lang='lat' dir='ltr'>die</span> <span class='ocrx_word' id='word_1_29' title='bbox 493 458 633 504; x_wconf 81' lang='lat' dir='ltr'>heyden</span> <span class='ocrx_word' id='word_1_30' title='bbox 668 459 991 506; x_wconf 61' lang='lat' dir='ltr'>herrenwolleqen,</span> <span class='ocrx_word' id='word_1_31' title='bbox 1026 459 1277 494; x_wconf 77' lang='lat' dir='ltr'>Duarenus</span> 
     </span>
     <span class='ocr_line' id='line_1_6' title="bbox 167 518 1275 566; baseline -0.002 -11"><span class='ocrx_word' id='word_1_32' title='bbox 167 547 189 564; x_wconf 96' lang='lat'>„</span> <span class='ocrx_word' id='word_1_33' title='bbox 219 521 292 555; x_wconf 90' lang='lat' dir='ltr'>und</span> <span class='ocrx_word' id='word_1_34' title='bbox 323 520 561 554; x_wconf 88' lang='lat' dir='ltr'>Donellus</span> <span class='ocrx_word' id='word_1_35' title='bbox 596 519 698 554; x_wconf 85' lang='lat' dir='ltr'>nieht</span> <span class='ocrx_word' id='word_1_36' title='bbox 733 520 794 555; x_wconf 86' lang='lat' dir='ltr'>das</span> <span class='ocrx_word' id='word_1_37' title='bbox 821 521 1002 566; x_wconf 79' lang='lat' dir='ltr'>geringste</span> <span class='ocrx_word' id='word_1_38' title='bbox 1025 520 1160 554; x_wconf 84' lang='lat' dir='ltr'><strong>wieder</strong></span> <span class='ocrx_word' id='word_1_39' title='bbox 1195 518 1275 554; x_wconf 85' lang='lat' dir='ltr'>des-</span> 
     </span>
     <span class='ocr_line' id='line_1_7' title="bbox 168 579 1275 627; baseline -0.002 -12"><span class='ocrx_word' id='word_1_40' title='bbox 168 608 189 624; x_wconf 86' lang='lat'><em>„</em></span> <span class='ocrx_word' id='word_1_41' title='bbox 219 592 279 615; x_wconf 89' lang='lat' dir='ltr'>sen</span> <span class='ocrx_word' id='word_1_42' title='bbox 300 579 498 627; x_wconf 59' lang='lat' dir='ltr'>promotior»</span> <span class='ocrx_word' id='word_1_43' title='bbox 534 586 676 625; x_wconf 77' lang='lat' dir='ltr'>gesaget</span> <span class='ocrx_word' id='word_1_44' title='bbox 702 580 831 616; x_wconf 85' lang='lat' dir='ltr'>haben.</span> <span class='ocrx_word' id='word_1_45' title='bbox 881 580 974 615; x_wconf 80' lang='lat' dir='ltr'>Aber</span> <span class='ocrx_word' id='word_1_46' title='bbox 1004 591 1040 615; x_wconf 88' lang='lat' dir='ltr'>es</span> <span class='ocrx_word' id='word_1_47' title='bbox 1062 591 1161 615; x_wconf 86' lang='lat' dir='ltr'>ware</span> <span class='ocrx_word' id='word_1_48' title='bbox 1192 579 1275 614; x_wconf 84' lang='lat' dir='ltr'>der-</span> 
     </span>
     <span class='ocr_line' id='line_1_8' title="bbox 169 639 1280 688; baseline -0.003 -12"><span class='ocrx_word' id='word_1_49' title='bbox 169 669 191 685; x_wconf 90' lang='lat'><em>„</em></span> <span class='ocrx_word' id='word_1_50' title='bbox 220 642 353 686; x_wconf 82' lang='lat' dir='ltr'>selbige</span> <span class='ocrx_word' id='word_1_51' title='bbox 389 641 447 674; x_wconf 86' lang='lat' dir='ltr'>ein</span> <span class='ocrx_word' id='word_1_52' title='bbox 485 641 640 687; x_wconf 77' lang='lat' dir='ltr'>tapserer</span> <span class='ocrx_word' id='word_1_53' title='bbox 674 641 748 675; x_wconf 91' lang='lat' dir='ltr'>und</span> <span class='ocrx_word' id='word_1_54' title='bbox 773 642 944 688; x_wconf 84' lang='lat' dir='ltr'>sseissiger</span> <span class='ocrx_word' id='word_1_55' title='bbox 963 641 1096 687; x_wconf 77' lang='lat' dir='ltr'>jurist3</span> <span class='ocrx_word' id='word_1_56' title='bbox 1121 639 1280 676; x_wconf 85' lang='lat' dir='ltr'>welcher</span> 
     </span>
     <span class='ocr_line' id='line_1_9' title="bbox 169 700 1280 748; baseline -0.003 -10"><span class='ocrx_word' id='word_1_57' title='bbox 169 731 191 746; x_wconf 89' lang='lat'>‚,</span> <span class='ocrx_word' id='word_1_58' title='bbox 221 703 312 738; x_wconf 76' lang='lat' dir='ltr'>auch</span> <span class='ocrx_word' id='word_1_59' title='bbox 346 702 482 736; x_wconf 83' lang='lat' dir='ltr'>andern</span> <span class='ocrx_word' id='word_1_60' title='bbox 518 705 694 736; x_wconf 67' lang='lat' dir='ltr'>miinnern</span> <span class='ocrx_word' id='word_1_61' title='bbox 731 702 792 737; x_wconf 84' lang='lat' dir='ltr'>das</span> <span class='ocrx_word' id='word_1_62' title='bbox 829 702 1120 748; x_wconf 80' lang='lat' dir='ltr'>gegen-gewicht</span> <span class='ocrx_word' id='word_1_63' title='bbox 1155 700 1280 736; x_wconf 83' lang='lat' dir='ltr'>halten</span> 
     </span>
     <span class='ocr_line' id='line_1_10' title="bbox 168 760 1280 807; baseline -0.003 -10"><span class='ocrx_word' id='word_1_64' title='bbox 168 791 191 807; x_wconf 90' lang='lat'>,‚</span> <span class='ocrx_word' id='word_1_65' title='bbox 219 765 370 797; x_wconf 81' lang='lat' dir='ltr'>k&#39;unnte.</span> <span class='ocrx_word' id='word_1_66' title='bbox 421 762 468 796; x_wconf 87' lang='lat' dir='ltr'>Er</span> <span class='ocrx_word' id='word_1_67' title='bbox 493 762 593 797; x_wconf 84' lang='lat' dir='ltr'>hatte</span> <span class='ocrx_word' id='word_1_68' title='bbox 618 762 687 797; x_wconf 82' lang='lat' dir='ltr'>fast</span> <span class='ocrx_word' id='word_1_69' title='bbox 710 763 780 797; x_wconf 81' lang='lat' dir='ltr'>alle</span> <span class='ocrx_word' id='word_1_70' title='bbox 811 763 1038 798; x_wconf 85' lang='lat' dir='ltr'>Griechisehe</span> <span class='ocrx_word' id='word_1_71' title='bbox 1062 761 1137 797; x_wconf 90' lang='lat' dir='ltr'>und</span> <span class='ocrx_word' id='word_1_72' title='bbox 1162 760 1280 796; x_wconf 83' lang='lat' dir='ltr'>Latei-</span> 
     </span>
     <span class='ocr_line' id='line_1_11' title="bbox 169 821 1282 869; baseline -0.004 -11"><span class='ocrx_word' id='word_1_73' title='bbox 169 852 191 868; x_wconf 84' lang='lat'>,‚</span> <span class='ocrx_word' id='word_1_74' title='bbox 220 823 343 858; x_wconf 83' lang='lat' dir='ltr'>nisehe</span> <span class='ocrx_word' id='word_1_75' title='bbox 375 823 579 857; x_wconf 85' lang='lat' dir='ltr'>scribenten</span> <span class='ocrx_word' id='word_1_76' title='bbox 608 823 774 868; x_wconf 78' lang='lat' dir='ltr'>gelesen,</span> <span class='ocrx_word' id='word_1_77' title='bbox 793 824 814 838; x_wconf 87' lang='lat'>&#39;’</span> <span class='ocrx_word' id='word_1_78' title='bbox 843 835 874 858; x_wconf 89' lang='lat' dir='ltr'>e.</span> <span class='ocrx_word' id='word_1_79' title='bbox 890 836 920 858; x_wconf 85' lang='lat' dir='ltr'>r.</span> <span class='ocrx_word' id='word_1_80' title='bbox 970 823 1133 869; x_wconf 83' lang='lat' dir='ltr'>Legenda</span> <span class='ocrx_word' id='word_1_81' title='bbox 1165 826 1219 856; x_wconf 83' lang='lat' dir='ltr'>est</span> <span class='ocrx_word' id='word_1_82' title='bbox 1243 821 1282 855; x_wconf 92' lang='lat' dir='ltr'>in</span> 
     </span>
     <span class='ocr_line' id='line_1_12' title="bbox 169 882 1284 932; baseline -0.003 -13"><span class='ocrx_word' id='word_1_83' title='bbox 169 885 294 932; x_wconf 86' lang='lat' dir='ltr'>primis</span> <span class='ocrx_word' id='word_1_84' title='bbox 332 884 590 930; x_wconf 78' lang='lat' dir='ltr'>elegantissima</span> <span class='ocrx_word' id='word_1_85' title='bbox 628 883 812 929; x_wconf 78' lang='lat' dir='ltr'>Hospitalii</span> <span class='ocrx_word' id='word_1_86' title='bbox 849 884 998 930; x_wconf 84' lang='lat' dir='ltr'>epistola</span> <span class='ocrx_word' id='word_1_87' title='bbox 1034 895 1115 919; x_wconf 86' lang='lat' dir='ltr'>cum</span> <span class='ocrx_word' id='word_1_88' title='bbox 1140 882 1284 918; x_wconf 88' lang='lat' dir='ltr'>Donelli</span> 
     </span>
     <span class='ocr_line' id='line_1_13' title="bbox 168 943 1282 991; baseline -0.001 -12"><span class='ocrx_word' id='word_1_89' title='bbox 168 946 358 991; x_wconf 80' lang='lat' dir='ltr'>responso,</span> <span class='ocrx_word' id='word_1_90' title='bbox 387 955 477 990; x_wconf 81' lang='lat' dir='ltr'>quae</span> <span class='ocrx_word' id='word_1_91' title='bbox 503 944 541 977; x_wconf 85' lang='lat' dir='ltr'>in</span> <span class='ocrx_word' id='word_1_92' title='bbox 567 943 708 978; x_wconf 86' lang='lat' dir='ltr'>Donelli</span> <span class='ocrx_word' id='word_1_93' title='bbox 733 944 893 991; x_wconf 78' lang='lat' dir='ltr'><em>operibus</em></span> <span class='ocrx_word' id='word_1_94' title='bbox 914 944 1112 991; x_wconf 71' lang='lat' dir='ltr'>posthumis</span> <span class='ocrx_word' id='word_1_95' title='bbox 1143 948 1282 984; x_wconf 78' lang='lat' dir='ltr'>exstat,</span> 
     </span>
     <span class='ocr_line' id='line_1_14' title="bbox 171 1000 1285 1052; baseline -0.002 -12"><span class='ocrx_word' id='word_1_96' title='bbox 171 1020 190 1041; x_wconf 82' lang='lat' dir='ltr'>e</span> <span class='ocrx_word' id='word_1_97' title='bbox 227 1005 431 1040; x_wconf 75' lang='lat' dir='ltr'><em>bibliotheca</em></span> <span class='ocrx_word' id='word_1_98' title='bbox 471 1005 649 1052; x_wconf 79' lang='lat' dir='ltr'><em>Scipionis</em></span> <span class='ocrx_word' id='word_1_99' title='bbox 690 1000 864 1048; x_wconf 78' lang='lat' dir='ltr'>Gentilis,</span> <span class='ocrx_word' id='word_1_100' title='bbox 906 1005 1043 1040; x_wconf 82' lang='lat' dir='ltr'><em>Hanov.</em></span> <span class='ocrx_word' id='word_1_101' title='bbox 1072 1004 1176 1040; x_wconf 61' lang='grc'><strong>16014.</strong></span> <span class='ocrx_word' id='word_1_102' title='bbox 1203 1004 1285 1039; x_wconf 84' lang='lat' dir='ltr'>8vo.</span> 
     </span>
     <span class='ocr_line' id='line_1_15' title="bbox 175 1061 1287 1112; baseline -0.003 -11"><span class='ocrx_word' id='word_1_103' title='bbox 175 1067 295 1111; x_wconf 84' lang='lat' dir='ltr'>Qualis</span> <span class='ocrx_word' id='word_1_104' title='bbox 337 1061 455 1101; x_wconf 62' lang='lat' dir='ltr'>eutem</span> <span class='ocrx_word' id='word_1_105' title='bbox 494 1066 605 1099; x_wconf 81' lang='lat' dir='ltr'>suerit</span> <span class='ocrx_word' id='word_1_106' title='bbox 642 1065 765 1100; x_wconf 80' lang='lat' dir='ltr'>eadem</span> <span class='ocrx_word' id='word_1_107' title='bbox 803 1065 867 1101; x_wconf 86' lang='lat' dir='ltr'>illa</span> <span class='ocrx_word' id='word_1_108' title='bbox 904 1065 1094 1100; x_wconf 82' lang='lat' dir='ltr'>aemulatio</span> <span class='ocrx_word' id='word_1_109' title='bbox 1131 1077 1153 1099; x_wconf 83' lang='lat' dir='ltr'>a</span> <span class='ocrx_word' id='word_1_110' title='bbox 1186 1069 1287 1112; x_wconf 81' lang='lat' dir='ltr'>parte</span> 
     </span>
     <span class='ocr_line' id='line_1_16' title="bbox 174 1125 1288 1174; baseline -0.003 -11"><span class='ocrx_word' id='word_1_111' title='bbox 174 1127 316 1163; x_wconf 86' lang='lat' dir='ltr'>Donelli</span> <span class='ocrx_word' id='word_1_112' title='bbox 361 1127 441 1160; x_wconf 85' lang='lat' dir='ltr'>vide</span> <span class='ocrx_word' id='word_1_113' title='bbox 478 1126 571 1173; x_wconf 82' lang='lat' dir='ltr'>apud</span> <span class='ocrx_word' id='word_1_114' title='bbox 607 1126 968 1173; x_wconf 75' lang='lat' dir='ltr'>spangenberg.</span> <span class='ocrx_word' id='word_1_115' title='bbox 1023 1126 1130 1161; x_wconf 82' lang='lat' dir='ltr'><em>Jacob</em></span> <span class='ocrx_word' id='word_1_116' title='bbox 1177 1125 1288 1174; x_wconf 73' lang='lat' dir='ltr'>Cujczs</span> 
     </span>
     <span class='ocr_line' id='line_1_17' title="bbox 174 1186 1190 1235; baseline -0.002 -11"><span class='ocrx_word' id='word_1_117' title='bbox 174 1190 252 1224; x_wconf 77' lang='lat' dir='ltr'>und</span> <span class='ocrx_word' id='word_1_118' title='bbox 276 1189 372 1223; x_wconf 82' lang='lat' dir='ltr'>seine</span> <span class='ocrx_word' id='word_1_119' title='bbox 401 1187 661 1234; x_wconf 66' lang='lat' dir='ltr'>Zeityenossen.</span> <span class='ocrx_word' id='word_1_120' title='bbox 698 1188 843 1235; x_wconf 67' lang='lat' dir='ltr'>Leipzig]</span> <span class='ocrx_word' id='word_1_121' title='bbox 868 1187 971 1222; x_wconf 83' lang='lat'>1822.</span> <span class='ocrx_word' id='word_1_122' title='bbox 996 1199 1075 1234; x_wconf 75' lang='lat' dir='ltr'><strong>pag.</strong></span> <span class='ocrx_word' id='word_1_123' title='bbox 1105 1186 1190 1222; x_wconf 72' lang='lat'><em>181:</em></span> 
     </span>
    </p>
   </div>
   <div class='ocr_carea' id='block_1_3' title="bbox 178 1307 1290 1476">
    <p class='ocr_par' dir='ltr' id='par_1_3' title="bbox 178 1307 1290 1476">
     <span class='ocr_line' id='line_1_18' title="bbox 224 1307 1287 1355; baseline -0.001 -12"><span class='ocrx_word' id='word_1_124' title='bbox 224 1309 378 1355; x_wconf 76' lang='lat' dir='ltr'>Pag.12.</span> <span class='ocrx_word' id='word_1_125' title='bbox 406 1308 607 1354; x_wconf 84' lang='lat' dir='ltr'>Principi</span> <span class='ocrx_word' id='word_1_126' title='bbox 633 1307 872 1342; x_wconf 88' lang='lat' dir='ltr'>Guilielmo</span> <span class='ocrx_word' id='word_1_127' title='bbox 893 1308 1040 1342; x_wconf 81' lang='lat' dir='ltr'>tertio.</span> <span class='ocrx_word' id='word_1_128' title='bbox 1067 1307 1287 1349; x_wconf 67' lang='lat' dir='ltr'><strong>Ann016710,</strong></span> 
     </span>
     <span class='ocr_line' id='line_1_19' title="bbox 178 1368 1290 1415; baseline -0.001 -12"><span class='ocrx_word' id='word_1_129' title='bbox 178 1370 338 1404; x_wconf 80' lang='lat' dir='ltr'>Viearioz</span> <span class='ocrx_word' id='word_1_130' title='bbox 367 1381 411 1403; x_wconf 82' lang='lat' dir='ltr'>au</span> <span class='ocrx_word' id='word_1_131' title='bbox 435 1369 510 1414; x_wconf 72' lang='lat' dir='ltr'>regi</span> <span class='ocrx_word' id='word_1_132' title='bbox 531 1368 636 1403; x_wconf 86' lang='lat' dir='ltr'>etiam</span> <span class='ocrx_word' id='word_1_133' title='bbox 662 1368 892 1410; x_wconf 85' lang='lat' dir='ltr'>restitissent,</span> <span class='ocrx_word' id='word_1_134' title='bbox 920 1368 1080 1415; x_wconf 82' lang='lat' dir='ltr'>quaestio</span> <span class='ocrx_word' id='word_1_135' title='bbox 1105 1368 1163 1404; x_wconf 88' lang='lat' dir='ltr'>sit.</span> <span class='ocrx_word' id='word_1_136' title='bbox 1202 1368 1290 1403; x_wconf 85' lang='lat' dir='ltr'><strong>Nar-</strong></span> 
     </span>
     <span class='ocr_line' id='line_1_20' title="bbox 180 1428 1169 1476; baseline -0.003 -11"><span class='ocrx_word' id='word_1_137' title='bbox 180 1437 280 1465; x_wconf 83' lang='lat' dir='ltr'>ratur</span> <span class='ocrx_word' id='word_1_138' title='bbox 314 1441 370 1464; x_wconf 83' lang='lat' dir='ltr'>res</span> <span class='ocrx_word' id='word_1_139' title='bbox 395 1430 487 1476; x_wconf 82' lang='lat' dir='ltr'>apud</span> <span class='ocrx_word' id='word_1_140' title='bbox 512 1428 1169 1475; x_wconf 75' lang='lat' dir='ltr'>Siegenbeekium‚pag.198.</span> 
     </span>
    </p>
   </div>
   <div class='ocr_carea' id='block_1_4' title="bbox 184 1549 1304 1900">
    <p class='ocr_par' dir='ltr' id='par_1_4' title="bbox 184 1549 1304 1900">
     <span class='ocr_line' id='line_1_21' title="bbox 230 1549 1297 1596; baseline -0.002 -11"><span class='ocrx_word' id='word_1_141' title='bbox 230 1552 311 1596; x_wconf 77' lang='lat' dir='ltr'>Pag.</span> <span class='ocrx_word' id='word_1_142' title='bbox 328 1551 381 1584; x_wconf 83' lang='lat'>13.</span> <span class='ocrx_word' id='word_1_143' title='bbox 407 1549 606 1584; x_wconf 83' lang='lat' dir='ltr'>Barleus</span> <span class='ocrx_word' id='word_1_144' title='bbox 627 1555 671 1583; x_wconf 81' lang='lat' dir='ltr'>et</span> <span class='ocrx_word' id='word_1_145' title='bbox 693 1550 896 1585; x_wconf 86' lang='lat' dir='ltr'>Vossius.</span> <span class='ocrx_word' id='word_1_146' title='bbox 924 1549 1027 1596; x_wconf 82' lang='lat' dir='ltr'>Apud</span> <span class='ocrx_word' id='word_1_147' title='bbox 1046 1549 1197 1583; x_wconf 85' lang='lat' dir='ltr'>eundem</span> <span class='ocrx_word' id='word_1_148' title='bbox 1216 1560 1297 1583; x_wconf 85' lang='lat' dir='ltr'>eum</span> 
     </span>
     <span class='ocr_line' id='line_1_22' title="bbox 184 1610 1300 1658; baseline -0.003 -12"><span class='ocrx_word' id='word_1_149' title='bbox 184 1613 302 1658; x_wconf 72' lang='lat' dir='ltr'>aliqua</span> <span class='ocrx_word' id='word_1_150' title='bbox 315 1610 469 1651; x_wconf 79' lang='lat' dir='ltr'>invidia,</span> <span class='ocrx_word' id='word_1_151' title='bbox 498 1623 577 1656; x_wconf 75' lang='lat' dir='ltr'>pag.</span> <span class='ocrx_word' id='word_1_152' title='bbox 592 1611 668 1644; x_wconf 88' lang='lat'>111.</span> <span class='ocrx_word' id='word_1_153' title='bbox 706 1610 865 1645; x_wconf 81' lang='lat' dir='ltr'>Notanda</span> <span class='ocrx_word' id='word_1_154' title='bbox 888 1616 1006 1644; x_wconf 81' lang='lat' dir='ltr'>autem</span> <span class='ocrx_word' id='word_1_155' title='bbox 1028 1616 1112 1644; x_wconf 86' lang='lat' dir='ltr'>sunt</span> <span class='ocrx_word' id='word_1_156' title='bbox 1135 1610 1174 1644; x_wconf 89' lang='lat' dir='ltr'>in</span> <span class='ocrx_word' id='word_1_157' title='bbox 1200 1622 1241 1645; x_wconf 79' lang='lat' dir='ltr'>ea</span> <span class='ocrx_word' id='word_1_158' title='bbox 1258 1621 1300 1644; x_wconf 84' lang='lat' dir='ltr'>re</span> 
     </span>
     <span class='ocr_line' id='line_1_23' title="bbox 185 1669 1299 1719; baseline -0.002 -12"><span class='ocrx_word' id='word_1_159' title='bbox 185 1680 356 1719; x_wconf 81' lang='lat' dir='ltr'>tempora.</span> <span class='ocrx_word' id='word_1_160' title='bbox 407 1671 591 1705; x_wconf 78' lang='lat' dir='ltr'>Venerunt</span> <span class='ocrx_word' id='word_1_161' title='bbox 635 1670 776 1706; x_wconf 79' lang='lat' dir='ltr'>Leidam</span> <span class='ocrx_word' id='word_1_162' title='bbox 809 1671 1022 1718; x_wconf 83' lang='lat' dir='ltr'>quaesitores</span> <span class='ocrx_word' id='word_1_163' title='bbox 1052 1681 1147 1706; x_wconf 86' lang='lat' dir='ltr'>nono</span> <span class='ocrx_word' id='word_1_164' title='bbox 1177 1669 1299 1716; x_wconf 85' lang='lat' dir='ltr'>Julio;</span> 
     </span>
     <span class='ocr_line' id='line_1_24' title="bbox 186 1731 1303 1769; baseline -0.001 -1"><span class='ocrx_word' id='word_1_165' title='bbox 186 1735 349 1769; x_wconf 78' lang='lat' dir='ltr'>damnata</span> <span class='ocrx_word' id='word_1_166' title='bbox 384 1738 501 1766; x_wconf 81' lang='lat' dir='ltr'>autem</span> <span class='ocrx_word' id='word_1_167' title='bbox 533 1738 569 1766; x_wconf 82' lang='lat' dir='ltr'>et</span> <span class='ocrx_word' id='word_1_168' title='bbox 610 1731 799 1767; x_wconf 84' lang='lat' dir='ltr'>interdieta</span> <span class='ocrx_word' id='word_1_169' title='bbox 833 1737 936 1767; x_wconf 82' lang='lat' dir='ltr'>erant</span> <span class='ocrx_word' id='word_1_170' title='bbox 977 1732 1303 1767; x_wconf 79' lang='lat' dir='ltr'>Remonstrantium</span> 
     </span>
     <span class='ocr_line' id='line_1_25' title="bbox 186 1780 1303 1843; baseline -0.004 -13"><span class='ocrx_word' id='word_1_171' title='bbox 186 1796 315 1843; x_wconf 72' lang='lat' dir='ltr'>placita</span> <span class='ocrx_word' id='word_1_172' title='bbox 335 1793 414 1839; x_wconf 76' lang='lat' dir='ltr'>lege</span> <span class='ocrx_word' id='word_1_173' title='bbox 433 1792 576 1839; x_wconf 81' lang='lat' dir='ltr'>publica</span> <span class='ocrx_word' id='word_1_174' title='bbox 597 1780 823 1827; x_wconf 78' lang='lat' dir='ltr'>Generalium</span> <span class='ocrx_word' id='word_1_175' title='bbox 842 1792 1012 1827; x_wconf 85' lang='lat' dir='ltr'>Ordinum</span> <span class='ocrx_word' id='word_1_176' title='bbox 1031 1792 1189 1839; x_wconf 84' lang='lat' dir='ltr'>ejusdem</span> <span class='ocrx_word' id='word_1_177' title='bbox 1201 1804 1303 1827; x_wconf 89' lang='lat' dir='ltr'>men-</span> 
     </span>
     <span class='ocr_line' id='line_1_26' title="bbox 189 1852 1304 1900; baseline -0.002 -10"><span class='ocrx_word' id='word_1_178' title='bbox 189 1857 234 1890; x_wconf 84' lang='lat' dir='ltr'>sis</span> <span class='ocrx_word' id='word_1_179' title='bbox 259 1855 317 1888; x_wconf 86' lang='lat' dir='ltr'>die</span> <span class='ocrx_word' id='word_1_180' title='bbox 340 1853 513 1888; x_wconf 85' lang='lat' dir='ltr'>secundo:</span> <span class='ocrx_word' id='word_1_181' title='bbox 557 1853 662 1887; x_wconf 82' lang='lat' dir='ltr'>Groot</span> <span class='ocrx_word' id='word_1_182' title='bbox 686 1852 922 1887; x_wconf 77' lang='lat' dir='ltr'>Placaetboek.</span> <span class='ocrx_word' id='word_1_183' title='bbox 949 1853 1026 1888; x_wconf 85' lang='lat' dir='ltr'>Vol.</span> <span class='ocrx_word' id='word_1_184' title='bbox 1055 1854 1084 1888; x_wconf 92' lang='lat' dir='ltr'>I.</span> <span class='ocrx_word' id='word_1_185' title='bbox 1111 1865 1191 1900; x_wconf 77' lang='lat' dir='ltr'>pag.</span> <span class='ocrx_word' id='word_1_186' title='bbox 1222 1853 1304 1888; x_wconf 84' lang='grc'><strong>167.</strong></span> 
     </span>
    </p>
   </div>
   <div class='ocr_carea' id='block_1_5' title="bbox 190 1911 1305 2010">
    <p class='ocr_par' dir='ltr' id='par_1_5' title="bbox 190 1911 1305 2010">
     <span class='ocr_line' id='line_1_27' title="bbox 190 1911 1305 1961; baseline -0.003 -10"><span class='ocrx_word' id='word_1_187' title='bbox 190 1917 267 1951; x_wconf 88' lang='lat' dir='ltr'>Non</span> <span class='ocrx_word' id='word_1_188' title='bbox 285 1915 395 1961; x_wconf 81' lang='lat' dir='ltr'>igitur</span> <span class='ocrx_word' id='word_1_189' title='bbox 413 1914 563 1948; x_wconf 81' lang='lat' dir='ltr'>retineri</span> <span class='ocrx_word' id='word_1_190' title='bbox 576 1918 741 1961; x_wconf 80' lang='lat' dir='ltr'>poterant</span> <span class='ocrx_word' id='word_1_191' title='bbox 753 1941 761 1957; x_wconf 93' lang='lat'>,</span> <span class='ocrx_word' id='word_1_192' title='bbox 778 1926 845 1949; x_wconf 88' lang='lat' dir='ltr'>nec</span> <span class='ocrx_word' id='word_1_193' title='bbox 866 1911 976 1960; x_wconf 78' lang='lat' dir='ltr'>magis</span> <span class='ocrx_word' id='word_1_194' title='bbox 1000 1920 1180 1961; x_wconf 85' lang='lat' dir='ltr'>suspectus</span> <span class='ocrx_word' id='word_1_195' title='bbox 1199 1926 1305 1961; x_wconf 87' lang='lat' dir='ltr'>quam</span> 
     </span>
     <span class='ocr_line' id='line_1_28' title="bbox 191 1989 284 2010; baseline 0 0"><span class='ocrx_word' id='word_1_196' title='bbox 191 1989 284 2010; x_wconf 81' lang='lat' dir='ltr'>reus.</span> 
     </span>
    </p>
   </div>
   <div class='ocr_carea' id='block_1_6' title="bbox 193 2075 1310 2261">
    <p class='ocr_par' dir='ltr' id='par_1_6' title="bbox 193 2075 1310 2261">
     <span class='ocr_line' id='line_1_29' title="bbox 242 2075 1310 2142; baseline -0.001 -12"><span class='ocrx_word' id='word_1_197' title='bbox 242 2096 331 2130; x_wconf 85' lang='lat' dir='ltr'>Ibid.</span> <span class='ocrx_word' id='word_1_198' title='bbox 378 2075 617 2130; x_wconf 78' lang='lat' dir='ltr'>Heidanus</span> <span class='ocrx_word' id='word_1_199' title='bbox 650 2107 849 2141; x_wconf 89' lang='lat' dir='ltr'>quoque.</span> <span class='ocrx_word' id='word_1_200' title='bbox 897 2095 1013 2138; x_wconf 85' lang='lat' dir='ltr'>Idem,</span> <span class='ocrx_word' id='word_1_201' title='bbox 1040 2106 1120 2142; x_wconf 76' lang='lat' dir='ltr'>pag.</span> <span class='ocrx_word' id='word_1_202' title='bbox 1146 2095 1216 2130; x_wconf 84' lang='lat'>230</span> <span class='ocrx_word' id='word_1_203' title='bbox 1230 2121 1240 2137; x_wconf 90' lang='lat'><em>,</em></span> <span class='ocrx_word' id='word_1_204' title='bbox 1268 2101 1310 2129; x_wconf 86' lang='lat' dir='ltr'>ut</span> 
     </span>
     <span class='ocr_line' id='line_1_30' title="bbox 193 2155 1307 2203; baseline -0.004 -11"><span class='ocrx_word' id='word_1_205' title='bbox 193 2163 228 2192; x_wconf 86' lang='lat' dir='ltr'>et</span> <span class='ocrx_word' id='word_1_206' title='bbox 246 2157 273 2191; x_wconf 93' lang='lat' dir='ltr'><strong>Y</strong></span> <span class='ocrx_word' id='word_1_207' title='bbox 283 2169 306 2203; x_wconf 92' lang='lat' dir='ltr'><strong>p</strong></span> <span class='ocrx_word' id='word_1_208' title='bbox 321 2167 340 2189; x_wconf 91' lang='lat' dir='ltr'>e</span> <span class='ocrx_word' id='word_1_209' title='bbox 353 2166 375 2202; x_wconf 79' lang='lat' dir='ltr'>y</span> <span class='ocrx_word' id='word_1_210' title='bbox 397 2167 442 2188; x_wconf 87' lang='lat' dir='ltr'>en</span> <span class='ocrx_word' id='word_1_211' title='bbox 463 2155 491 2189; x_wconf 87' lang='lat' dir='ltr'>D</span> <span class='ocrx_word' id='word_1_212' title='bbox 506 2166 525 2188; x_wconf 84' lang='lat' dir='ltr'>e</span> <span class='ocrx_word' id='word_1_213' title='bbox 537 2167 600 2189; x_wconf 77' lang='lat' dir='ltr'>rm</span> <span class='ocrx_word' id='word_1_214' title='bbox 614 2167 634 2189; x_wconf 92' lang='lat' dir='ltr'>o</span> <span class='ocrx_word' id='word_1_215' title='bbox 648 2168 672 2189; x_wconf 93' lang='lat' dir='ltr'>u</span> <span class='ocrx_word' id='word_1_216' title='bbox 687 2161 711 2190; x_wconf 84' lang='lat' dir='ltr'>t.</span> <span class='ocrx_word' id='word_1_217' title='bbox 751 2155 1000 2190; x_wconf 74' lang='lat' dir='ltr'>Geschiedenis</span> <span class='ocrx_word' id='word_1_218' title='bbox 1014 2155 1076 2188; x_wconf 83' lang='lat' dir='ltr'>der</span> <span class='ocrx_word' id='word_1_219' title='bbox 1085 2155 1307 2190; x_wconf 76' lang='lat' dir='ltr'>Nederland-</span> 
     </span>
     <span class='ocr_line' id='line_1_31' title="bbox 194 2215 1308 2261; baseline -0.004 -8"><span class='ocrx_word' id='word_1_220' title='bbox 194 2219 272 2253; x_wconf 78' lang='lat' dir='ltr'>sobe</span> <span class='ocrx_word' id='word_1_221' title='bbox 309 2217 521 2252; x_wconf 81' lang='lat' dir='ltr'>Hervormde</span> <span class='ocrx_word' id='word_1_222' title='bbox 562 2216 668 2251; x_wconf 68' lang='lat' dir='ltr'>Kerk.</span> <span class='ocrx_word' id='word_1_223' title='bbox 695 2216 807 2252; x_wconf 79' lang='lat' dir='ltr'>Breda</span> <span class='ocrx_word' id='word_1_224' title='bbox 840 2216 942 2252; x_wconf 83' lang='grc'><strong>1819.</strong></span> <span class='ocrx_word' id='word_1_225' title='bbox 980 2216 1055 2251; x_wconf 75' lang='lat' dir='ltr'>Vol.</span> <span class='ocrx_word' id='word_1_226' title='bbox 1081 2216 1128 2251; x_wconf 88' lang='grc' dir='ltr'>ΙΙ.</span> <span class='ocrx_word' id='word_1_227' title='bbox 1154 2228 1188 2261; x_wconf 87' lang='lat' dir='ltr'>p.</span> <span class='ocrx_word' id='word_1_228' title='bbox 1215 2215 1283 2251; x_wconf 86' lang='lat'>508</span> <span class='ocrx_word' id='word_1_229' title='bbox 1297 2238 1308 2257; x_wconf 76' lang='grc'><em>,</em></span> 
     </span>
    </p>
   </div>
  </div>
 </body>
</html>
