1487 2625
217 169 268 209 18
458 163 593 207 ΑΒΗ.
628 160 792 206 CATH.
826 158 1084 206 HOLTIUS

217 298 469 341 ducebatur:
505 295 646 339 doceri
680 295 842 338 invitos.
906 293 998 337 Hoc
1031 293 1154 351 igitur
1187 293 1324 350 majo-

217 390 283 418 res
318 373 448 418 nostri
473 379 518 415 ut
552 371 734 415 libertati
770 369 1024 414 contrarium
1066 368 1323 412 aversaban-

210 459 310 503 tur,
343 465 391 494 ac
427 448 566 493 nes'cio
599 462 652 491 an
690 447 743 490 ab
781 446 860 490 hac
888 445 1078 489 libertate
1104 444 1323 498 audiendi,

215 526 494 585 sequendique
540 539 622 582 qua
662 537 779 567 suum
819 536 1025 579 quemque
1067 524 1146 565 fert
1203 521 1326 579 inge—

215 605 324 647 nium
341 636 351 655 ,
383 602 582 662 splendor
605 607 646 644 et
668 599 798 658 gloria
829 598 1138 642 academiarum
1163 598 1205 641 in
1233 598 1323 642 Ba-

216 681 324 724 tavia
353 694 503 737 magna
541 693 589 722 ex
618 684 738 736 parte
769 675 958 720 ducenda
990 676 1083 720 sint.
1144 674 1244 720 Sine
1269 676 1325 719 li-

215 758 377 801 bertate
411 754 518 799 enim
564 769 649 811 quo
687 752 857 796 tandem
896 752 1025 796 modo
1066 750 1221 811 poterit
1256 750 1324 796 ine

217 833 377 877 divinus
413 831 530 888 quasi
557 830 735 888 impetus
766 829 960 882 existere,
991 829 1058 873 ille
1083 828 1324 874 {veona-cxc-

216 912 316 964 μὸς,
360 908 430 967 qui
473 908 584 951 solus
626 920 870 963 magnarum
913 920 1052 949 rerum
1090 920 1242 964 parens
1283 914 1324 950 et

216 992 466 1044 procreator
498 983 716 1027 habendus
752 984 845 1025 est?
911 982 1013 1025 Cum
1059 989 1193 1026 autem
1235 982 1326 1026 lec·-

216 1061 349 1104 tiones
382 1067 518 1104 essent
555 1059 769 1118 publicae,
812 1059 866 1101 ad
906 1073 1011 1115 quas
1052 1059 1227 1116 quisque
1263 1060 1324 1104 ire

217 1146 255 1181 et
291 1138 428 1182 venire
463 1141 654 1195 poterat,
685 1150 767 1179 non
801 1143 969 1193 poterat
1000 1136 1093 1194 ipsa
1120 1136 1321 1180 institutio

218 1213 465 1258 scholastica
484 1205 585 1256 esse.
646 1211 952 1256 Scholasticam
981 1212 1098 1266 dico,
1126 1227 1208 1269 qua
1232 1227 1326 1257 mee·

217 1290 349 1334 moria
385 1290 515 1347 magis
558 1289 727 1346 copiose
764 1288 1001 1336 instruitur,
1044 1304 1169 1345 quam
1199 1289 1324 1333 intel-

217 1368 347 1410 lectus
388 1366 572 1417 acuitur,
606 1373 673 1409 aut
703 1365 881 1409 studium
911 1364 1125 1410 excitatur.
1214 1366 1322 1410 Hinc

216 1447 258 1486 in
306 1443 478 1487 statutis
537 1442 808 1486 Leidensibus
872 1441 1096 1499 disputatio
1154 1442 1321 1499 quidem

218 1521 480 1573 nominatur,
525 1527 563 1562 et
601 1518 815 1571 recitatio,
859 1519 1077 1576 responsio
1112 1526 1246 1562 autem
1282 1527 1322 1563 et

217 1597 550 1654 quaestiunculae
585 1610 670 1638 non
698 1595 974 1639 nominantur.
1037 1594 1126 1637 Hae
1158 1595 1322 1639 saeculo

216 1681 314 1733 post
353 1673 516 1716 demum
558 1673 843 1732 praescriptae
886 1674 1004 1723 sunt,
1050 1679 1148 1730 post
1197 1688 1321 1729 quam

217 1751 402 1809 privatae
441 1749 608 1793 scholae
649 1751 731 1806 jam
768 1748 1047 1799 inoleverant,
1093 1755 1160 1801 et,
1202 1749 1322 1792 dete-

215 1827 316 1870 riori
355 1827 545 1878 saeculo,
599 1833 798 1882 tanquam
838 1825 1121 1868 inclinantium
1160 1826 1322 1869 studio-

216 1919 305 1947 rum
349 1903 606 1947 sustentatio.
699 1903 1010 1960 Responsiones
1052 1902 1157 1946 enim
1204 1893 1320 1955 illae,

215 1994 286 2023 seu
324 1980 544 2022 lectionum
581 1979 875 2036 repetitiones,
921 1979 1028 2022 inter
1073 1979 1317 2037 discipulum

215 2063 254 2100 ct
299 2056 565 2113 magistrum,
623 2055 739 2099 utiles
785 2069 871 2098 esse
915 2062 1112 2113 possunt,
1162 2063 1200 2099 et
1240 2070 1320 2114 pro

214 2132 415 2191 temporis
459 2131 696 2175 conditione
738 2132 1021 2184 necessariae,
1070 2132 1319 2189 quandoque

214 2210 334 2253 etiam
375 2210 418 2252 in
457 2208 680 2254 academiis
694 2225 705 2264 3
738 2223 761 2252 a
799 2215 945 2252 natura
990 2215 1128 2252 tamen
1165 2209 1321 2253 acade-
