1487 2625
398 216 989 265 THEOLOGICA.
1199 243 1247 280 97

137 351 262 392 patet,
291 345 351 391 id,
379 345 552 393 consilii,
582 350 684 395 quod
708 349 781 387 sibi
803 362 1077 404 proposuerat,
1104 358 1244 397 ratione

132 412 282 459 habita,
319 425 551 463 summopere
577 428 656 455 esse
680 419 914 462 laudandum.

179 480 393 522 Invenimus
434 487 547 525 multa
587 490 684 538 apud
720 501 804 530 eum
840 494 1036 541 praeclara.
1100 497 1239 537 Sensus

131 551 328 601 religiosus
363 555 407 592 ad
434 557 572 604 optima
596 570 764 607 quaeque
790 573 871 600 eum
896 564 1017 604 duxit.
1071 568 1238 608 Mentem

127 619 287 660 divinam
310 632 502 663 veneratur
545 629 711 667 omnium
736 643 858 670 rerum
886 642 1103 685 auctorem3
1148 650 1237 687 pro-

129 688 327 729 videntiam
344 720 357 739 ‚
384 693 428 730 ad
452 694 596 743 singula
622 698 935 751 descendentem,
974 712 1086 753 atque
1115 718 1235 746 rerum

126 758 364 799 humanarum
405 763 567 812 regimen
603 767 768 807 divinum
808 773 1000 822 agnoscit3
1059 774 1163 815 videt
1200 788 1236 817 et

126 830 307 874 persentit
329 832 540 880 sapientiam
560 864 571 882 ,
612 837 871 887 benignitatem
887 871 900 890 ‚
938 844 1118 893 justitiam
1141 847 1235 886 divi-

127 908 210 935 nam
246 899 284 936 in
325 903 527 951 omnibus,
582 918 674 954 quae
713 909 750 946 in
785 915 904 950 rerum
939 923 1068 954 natura
1115 924 1234 967 sunt,

125 977 188 1005 aut
224 968 262 1006 in
297 971 470 1011 societate
502 974 659 1014 humana
685 977 794 1020 fiunt.
848 982 969 1022 Deum
990 985 1101 1024 habet
1127 997 1234 1027 natu-

127 1048 201 1075 ram
237 1039 447 1080 rationalem
487 1054 524 1081 et
546 1047 748 1095 moralem,
795 1052 894 1090 nulla
927 1065 967 1091 re
991 1055 1230 1105 indigentem.

124 1107 191 1144 Ille
229 1108 267 1146 in
302 1110 413 1149 rebus
451 1115 683 1155 moderandis
724 1118 816 1157 fines
853 1133 873 1158 a
911 1133 950 1160 se
975 1123 1059 1172 ipso
1086 1127 1233 1175 positos

123 1177 320 1225 sequitur,
360 1188 394 1217 et
418 1182 515 1229 leges
545 1184 632 1222 tulit
660 1186 875 1227 hominibus
900 1191 1077 1231 omnibus
1103 1196 1232 1235 obser-

120 1247 272 1286 vandas.

173 1317 246 1356 Sed
286 1319 373 1357 haec
405 1324 586 1369 praeclara
608 1328 806 1376 conjuncta
831 1341 919 1370 sunt
942 1345 1027 1372 cum
1054 1337 1229 1384 gravibus

121 1387 333 1435 erroribus,
361 1391 499 1438 quibus
523 1393 602 1432 aevi
630 1395 728 1434 illius
755 1400 922 1439 conditio
949 1415 987 1442 ea
1003 1404 1226 1455 inquinavit.

120 1457 209 1495 Etsi
244 1469 375 1497 sensus
413 1473 493 1499 eum
534 1465 578 1502 ad
605 1466 742 1514 optima
775 1481 944 1518 quaeque
969 1474 1095 1522 ducit,
1135 1479 1227 1517 ratio

120 1535 240 1565 tamen
278 1531 442 1568 nondum
489 1535 611 1572 exutis
664 1537 742 1574 aevi
794 1541 981 1580 erroribus
1025 1546 1223 1598 adhaeret3

119 1597 206 1635 hinc
224 1627 237 1646 9
264 1600 332 1637 etsi
361 1612 466 1639 unam
491 1604 564 1641 vim
593 1605 765 1645 Divinam
783 1636 794 1655 ‚
834 1612 980 1651 eandem
1010 1616 1224 1663 sapientiam

120 1665 408 1717 benignitatem,
457 1673 639 1721 justitiam
690 1677 831 1727 ubique
864 1692 1040 1729 agnoscat
1055 1713 1076 1739 ,Ι
1115 1688 1226 1727 simul

121 1740 245 1787 plures
270 1740 444 1788 personas
465 1744 607 1783 divinas
626 1747 731 1786 colit.
786 1749 884 1788 Hinc
909 1753 1016 1791 etiam
1044 1759 1225 1806 supersti-

118 1806 227 1846 tiosis
254 1809 409 1856 multis,
452 1823 470 1848 e
502 1813 678 1862 religione
703 1819 874 1866 populari
903 1823 1059 1871 petitis,
1100 1826 1222 1874 opini-

119 1877 255 1916 onibus
276 1878 441 1917 imbutus
466 1890 547 1928 est,
587 1884 631 1921 de
656 1884 907 1937 divinatione3
948 1893 992 1929 de
1016 1893 1223 1936 immediata

120 1947 285 1985 Deorum
320 1949 356 1986 in
383 1961 438 1987 res
459 1951 632 1991 humanas
661 1955 723 2001 vi;
762 1957 806 1994 de
828 1959 933 1997 cultu
956 1971 1107 2002 externo
1130 1966 1222 2005 civi-

119 2015 205 2054 tatis
238 2017 316 2065 lege
356 2021 602 2068 praestando,
643 2022 679 2060 in
721 2037 797 2071 quo
837 2027 955 2075 pietas
997 2043 1079 2080 erga
1116 2036 1218 2075 Deos

112 2085 236 2132 posita
261 2087 325 2125 sit.
470 2141 471 2145 Ἰ

166 2154 266 2193 Haec
299 2157 442 2205 singula
474 2160 544 2207 jam
584 2160 758 2201 vidimus.
812 2165 891 2205 Nec
925 2176 1045 2208 tamen
1071 2172 1120 2210 ita
1143 2175 1217 2224 jam

115 2224 203 2262 satis
238 2225 383 2273 liquet,
425 2239 583 2274 quonam
625 2232 745 2278 pretio
786 2235 948 2276 habenda
975 2239 1024 2277 sit
1049 2242 1216 2284 doctrina

113 2293 319 2333 Socratica.
380 2297 526 2345 Nempe
558 2299 745 2349 vidimus,
782 2304 869 2350 quid
907 2307 1142 2356 judicandum
1168 2315 1219 2353 sit

161 2376 293 2403 GRAT.
643 2371 679 2407 G
1173 2388 1217 2424 de
