1487 2625
432 194 883 249 *ORATIQ
1195 212 1246 256 3'1

137 338 370 390 temporum
409 333 652 380 necessitate
679 349 728 380 ac
761 337 1071 397 disciplinarum
1097 343 1244 401 prola-

130 406 374 453 tis³finibus.
397 410 571 455 1Postea
597 412 774 457 accessit
801 413 904 471 juris
935 415 1113 474 publici,
1144 418 1240 464 item

129 483 234 540 juris
259 486 455 530 naturalis
479 495 518 532 et
543 489 724 546 gentium
742 522 754 542 ‚
777 490 978 536 institutio
993 525 1004 546 ‚
1027 503 1239 554 postremo

126 561 228 618 juris
268 563 393 622 patrii
432 579 612 622 quoque.
703 567 828 611 Plura
870 569 1062 625 quidem,
1106 587 1237 630 eaque

124 634 437 698 pernecessaria
472 635 561 685 tum
597 642 639 686 in
677 658 794 688 more
831 659 916 688 non
954 654 1097 699 erant,
1128 659 1235 706 quae

124 721 235 759 nunc
266 715 312 774 in
352 717 506 761 nostris
547 717 743 763 institutis
784 735 869 764 non
917 722 1232 777 desiderantur;

122 805 264 835 verum
296 791 400 836 haec
430 793 552 837 etiam
585 796 838 854 quandoque
863 799 1063 845 attulisset
1087 802 1230 848 eadem

120 868 362 925 progressio
396 883 447 913 ac
485 869 686 915 dilatatio.
749 871 917 917 Scilicet
952 878 1228 937 nostra'lege,

115 942 194 986 etsi
227 944 416 989 universa
437 953 677 991 cunctarum
700 947 1008 1008 disciplinarum
1025 952 1228 999 institutio

115 1033 194 1078 per
223 1020 386 1065 scholas
417 1022 732 1068 recitationesve
769 1025 988 1084 diligenter
1018 1029 1226 1090 descripta
1279 1063 1287 1071 ›

115 1103 203 1149 est,
244 1105 382 1142 tamen
418 1099 520 1143 aliae
551 1107 677 1157 atque
715 1102 817 1146 aliae
851 1105 1050 1150 continuo
1078 1120 1225 1153 acces-2

112 1181 255 1218 serunt
292 1175 483 1230 scholae,
524 1193 629 1234 quas
668 1185 736 1223 aut
775 1182 1000 1226 necessitas
1037 1185 1223 1243 exiget-13²,

111 1258 182 1294 aut
214 1251 366 1296 utilitas
405 1253 590 1298 indicare
630 1255 874 1313 videbatur3
916 1266 956 1303 et
992 1260 1130 1318 patuit
1161 1263 1222 1307 vel

108 1327 169 1371 sic
197 1342 287 1372 cam
314 1329 501 1374 discendi
526 1330 758 1377 libertatem
789 1351 913 1392 quam
943 1336 986 1380 in
1018 1339 1220 1395 majorum

105 1405 301 1451 institutis
326 1408 606 1462 laudavimus,
645 1411 782 1456 adhuc
809 1413 1074 1473 ferreposse
1101 1416 1220 1473 juve—

88 1497 179 1526 -nes
214 1484 396 1528 Batavos
414 1518 424 1537 ,
454 1500 530 1530 nec
557 1487 864 1546 desperandum
899 1506 987 1536 esse
1018 1493 1140 1538 nobis
1166 1495 1218 1540 de

103 1560 226 1617 plena
251 1560 319 1604 illa
346 1569 385 1605 et
414 1563 596 1620 antiqua*
615 1565 840 1622 aliquando
873 1568 1063 1615 libertate
1093 1587 1216 1617 recu-

101 1637 304 1694 peranda.
352 1639 419 1682 Ad
448 1641 628 1697 majores
654 1658 754 1686 vero
785 1651 829 1688 ut
852 1654 1060 1700 revertar,
1089 1657 1215 1694 nota-

101 1713 182 1757 bile
213 1729 378 1772 quoque
405 1707 448 1759 'in
480 1718 624 1776 primis
654 1720 837 1774 videtur,
881 1724 994 1780 quod
1034 1725 1088 1784 in*
1114 1726 1211 1771 Lei-

102 1790 220 1834 densi
247 1793 485 1846 academia,
519 1810 595 1839 nec
624 1797 757 1841 minus
788 1798 830 1841 in
860 1808 1002 1844 nostra
1035 1803 1212 1860 Traiec-

99 1866 215 1920 tina,
273 1870 518 1914 tradebatur
565 1873 639 1917 Jus
684 1875 901 1920 Publicum'
948 1879 1207 1926 Germaniae.

98 1943 194 2001 Quo
223 1945 384 1990 vinculo
417 1947 536 1992 huius
559 1952 718 2008 patriae
751 1953 940 2010 regiones
969 1969 1061 2000 cum
1098 1958 1207 2002 Ger-

95 2022 261 2066 manico
277 2023 458 2082 Imperio
477 2026 722 2082 conjunctae
739 2034 902 2084 essent,
927 2047 1051 2092 saepe
1074 2041 1213 2091 quae-2

96 2098 216 2143 situm
258 2108 344 2144 est:
393 2098 707 2148 academiarum*
745 2115 878 2151 autem
919 2111 1204 2157 moderatores

95 2188 144 2218 ea
169 2176 355 2232 quaestio
377 2192 462 2222 non
492 2180 768 2226 morabatur.‘
813 2182 1011 2228 Sciebant
1039 2185 1201 2231 difficile

93 2251 191 2294 illud
228 2253 404 2298 studium
453 2256 504 2298 ad
550 2266 755 2315 m'agnam'
785 2259 982 2319 Europae
1039 2271 1199 2325 partem
