1487 2625
191 197 241 236 42
417 180 1075 226 COMMENTATIO

194 299 283 338 dicit
309 298 403 347 (1),
438 296 608 334 homines
631 295 734 334 solos
759 306 869 344 esse,
908 306 1066 343 quorum
1093 294 1199 342 ψυχὴ
1225 294 1306 334 θεῶν

194 391 245 403 --
269 369 415 418 ᾔσθηται
441 366 493 407 ὅτι
520 367 588 406 εἷο-ί
603 377 613 403 :
643 365 680 402 in
709 364 845 412 quibus
870 375 945 401 non
971 364 1049 402 sine
1070 377 1178 404 causa
1203 365 1306 414 posi-

192 446 271 476 tum
297 437 444 475 videtur
468 436 620 473 verbum
650 436 821 483 ᾔσθηται,
865 435 966 481 quod
994 435 1108 482 vulgo
1134 445 1210 472 non
1234 447 1304 474 tam

192 506 351 546 refertur
371 506 415 543 ad
435 505 497 552 id,
526 505 629 551 quod
649 507 778 542 mentis
802 504 1042 552 intelltgemis
1066 506 1169 550 acic,
1199 515 1306 550 quam

194 579 240 616 ad
264 577 326 623 id,
356 575 459 624 quod
484 576 602 614 animi
627 576 816 612 sentientis
843 575 881 612 νι·
907 572 1148 621 percipimus.
1185 572 1317 622 Quare⁴

193 656 315 686 autem
348 647 394 684 ad
434 657 585 684 sensum
625 645 753 690 hunc,
790 654 874 685 cum
902 643 1210 684 Aristodemo
1236 643 1311 685 dis-

193 727 357 766 putans,
406 727 484 756 non
529 724 774 764 provocaret,
828 722 965 762 sponte
1014 721 1131 761 patet.
1210 713 1309 755 Nam

192 789 524 827 Aristodemus
575 786 653 824 sine
692 785 835 831 dubio,
889 792 931 821 ut
967 794 1096 822 omnes
1133 783 1185 831 ii,
1242 784 1310 831 qui

195 859 412 908 religionem
437 865 709 901 contemnunt,
736 863 932 903 negasset,
961 854 1061 891 hunc
1087 864 1127 892 se
1147 863 1311 901 unquam

195 929 307 968 animi
341 939 490 966 sensum
536 925 774 976 percepisse3
817 934 853 962 et
884 924 1058 962 universe
1093 934 1178 962 cum
1213 923 1313 972 ejus—

195 1000 297 1037 modi
321 998 537 1036 hominibus
553 1024 566 1042 ,
605 997 670 1043 qui
698 1004 760 1034 aut
785 996 991 1034 simulatam
1023 994 1155 1033 misera
1181 1001 1314 1032 osten·

194 1069 335 1107 tatione
358 1066 583 1117 impietatem
608 1068 774 1116 jactant,
809 1075 873 1104 aut
900 1076 1045 1103 omnem
1071 1063 1313 1105 humanitatis

195 1149 347 1177 sensum
373 1144 582 1184 exuerunt,
610 1136 744 1174 inutile
763 1146 820 1173 est
838 1163 852 1182 ,
877 1136 922 1173 ad
946 1146 1097 1173 sensum
1121 1135 1280 1181 aliquem
1298 1160 1312 1180 ,

196 1207 413 1246 hominibus
444 1206 675 1254 incorruptis
712 1206 903 1251 innatum,
945 1215 1163 1252 provocare.
1225 1202 1311 1243 Hoc

195 1288 295 1317 certe
341 1287 502 1316 statuere
546 1276 659 1322 licet,
712 1276 954 1313 Socratem
990 1274 1141 1322 ipsum,
1189 1271 1310 1312 virum

196 1358 296 1387 tanta
334 1349 468 1386 sensus
507 1345 669 1394 religiosi
710 1345 746 1382 vi
780 1345 1009 1392 pollentem,
1048 1354 1126 1381 non
1155 1351 1228 1382 tam
1253 1342 1312 1384 his

196 1420 422 1469 argumentis
438 1446 451 1465 ,
488 1428 582 1465 quae
607 1416 821 1464 religionem
846 1414 1031 1464 adjuvare
1047 1440 1060 1460 ,
1087 1423 1164 1450 non
1189 1413 1313 1452 instit-

197 1492 281 1530 larc
310 1496 500 1539 possunt,
540 1498 648 1536 quam
697 1485 780 1524 voci
831 1485 1014 1531 internae,
1063 1481 1314 1521 recordationi

200 1560 306 1609 quasi
331 1560 527 1605 Deorum,
565 1566 605 1595 ut
644 1555 869 1595 Platonis
910 1563 992 1592 utar
1019 1553 1167 1600 verbis,
1203 1551 1312 1591 fidem

199 1630 387 1670 habuisse.

705 1767 742 1812 S.
774 1778 809 1814 3.

522 1908 712 1959 Quaenam
741 1907 812 1945 Dii
838 1915 956 1957 agant
973 1907 996 1945 ἓ

254 2055 355 2094 Deus
379 2049 498 2090 totius
522 2048 650 2088 mundi
677 2055 808 2087 auctor
832 2056 904 2085 est.
961 2046 1045 2084 Hoc
1074 2044 1313 2085 Socratem

205 2125 286 2164 Deo
326 2120 528 2167 tribuisse,
573 2126 675 2167 patet
719 2118 791 2167 jam
838 2128 882 2156 ex
911 2114 1162 2165 argumentis,
1221 2123 1316 2162 quae

1250 2194 1314 2220 su-

251 2269 303 2310 (ι)“
324 2269 422 2301 Mem.
444 2266 472 2296 1.
494 2275 523 2297 c.
544 2264 575 2296 4.
598 2265 624 2301 S·
649 2263 700 2295 15.
