1487 2625
237 162 294 205 38
465 144 602 209 Ana.
635 162 803 209 CATH.
836 163 1095 209 nonnus

237 279 403 340 coratus
450 305 524 342 est.
609 299 710 342 Mox
757 298 810 341 ab
853 298 1064 342 academia
1107 297 1161 341 ad
1203 298 1338 341 forum

235 373 450 416 traductus
492 389 580 417 eam
617 375 668 418 de
696 375 849 431 sejam
888 389 1006 433 spem
1039 375 1195 418 fecerat
1236 373 1344 423 civi,-

235 449 315 492 hus
355 449 460 502 suis,
504 457 550 493 ut
580 467 603 494 a
631 451 754 494 Curia
788 450 951 494 Gelriae
991 452 1115 508 judex
1151 464 1340 509 paganus

236 525 547 582 designaretur,
580 534 618 569 et
653 528 778 584 paulo
810 535 904 584 post
942 527 986 570 in
1023 528 1157 585 patria
1187 542 1265 574 sua
1295 526 1339 569 in

234 601 517 646 Decurionum
544 603 746 647 Ordinem
771 605 990 660 legeretur.
1055 605 1136 647 Per
1160 603 1206 646 id
1230 611 1339 647 tem-

234 691 314 734 pus
344 681 526 721 Poenae
560 684 776 736 capitalis
815 682 1098 737 Apologiam
1138 679 1342 727 Jacob}

235 755 452 798 vernacule
479 756 689 809 reddidit,
716 757 976 814 praefatione
1001 764 1163 802 auctam
1186 764 1234 804 et
1254 757 1343 804 vad.-

231 831 472 884 notatione‚
517 833 588 888 qui
622 833 780 878 libellus
815 834 1089 884 Harderovici
1132 848 1244 877 anno
1276 834 1343 876 al—

231 913 323 950 tero
355 907 477 965 hujus
509 910 660 953 saeculi
700 910 874 969 prodiit.
934 911 1154 963 Proxime,
1185 918 1230 954 ut
1267 910 1342 963 fit,

231 996 406 1026 uxorem
438 984 554 1029 duxit
585 985 782 1039 domum,
827 1002 934 1043 quae
962 987 1056 1031 filiis
1096 987 1344 1044 filiabusque

232 1072 323 1101 eum
350 1059 463 1103 auxit
491 1061 693 1119 pluribus.
752 1063 928 1107 Biennio
953 1071 1076 1122 post,
1109 1065 1162 1107 ad
1191 1078 1344 1108 annum

229 1150 361 1191 usque
405 1137 529 1181 1106.
576 1138 839 1194 juridicundo
868 1141 1049 1198 praefuit
1084 1140 1127 1183 in
1163 1147 1342 1197 utraque

230 1212 397 1256 Velavia
444 1221 483 1257 et
520 1214 563 1257 in
604 1216 732 1259 limite
784 1217 1010 1271 Velavieo‚
1066 1217 1200 1260 donec
1247 1231 1341 1260 eum

229 1287 567 1335 Harderovicena
608 1292 819 1336 academia
859 1293 1221 1352 Jurisprudentiae
1251 1294 1343 1341 Na-

229 1365 371 1409 turalis
398 1368 682 1424 professorem
718 1370 798 1412 sihi
827 1377 1016 1428 optaret3
1049 1386 1175 1427 quam
1207 1378 1340 1416 artem

227 1440 398 1485 instanti
427 1450 511 1486 tum
532 1445 597 1489 die
623 1447 750 1489 natali
772 1448 910 1505 palam
938 1448 1341 1501 laudavit‚dicendo

230 1522 284 1560 cle
330 1523 533 1578 utiam-te
588 1525 862 1580 discipliuae
906 1528 1039 1568 Jaris
1091 1527 1340 1574 Naturalis

229 1604 388 1638 nostra
423 1601 470 1639 ιἸι
495 1602 672 1654 primis
709 1610 887 1655 aetate,
945 1617 1051 1658 quac
1082 1602 1218 1645 oratio
1263 1616 1351 1665 ex-¹

229 1678 323 1715 stat.
385 1673 450 1717 Ex
479 1675 564 1731 ejus
594 1676 740 1719 schola
770 1678 939 1735 plurimi
968 1679 1201 1722 honoribus
1231 1693 1340 1723 con-

231 1748 366 1805 spicui
407 1750 483 1797 viri
525 1740 806 1809 prodierunt,>v
846 1771 1023 1812 quorum
1058 1757 1227 1800 nomina
1253 1771 1340 1800 non

227 1826 549 1886 recensebimus.
1168 1841 1173 1846 '

281 1902 393 1945 Dum
425 1906 610 1961 verovita
636 1906 703 1951 ille
731 1908 985 1966 reipublicae
1017 1908 1220 1967 prodesse
1243 1915 1336 1952 stu-

228 1978 379 2033 debat,
422 1982 531 2024 venit
569 1984 758 2042 Napoleo
794 1986 864 2041 qui
907 1985 1130 2043 Europae,
1173 1991 1212 2028 et
1240 1999 1337 2043 rpa—

226 2055 329 2099 triae
362 2064 553 2111 nostrae,
616 2067 655 2103 et
682 2060 899 2104 Enscliutii
937 2062 1064 2105 rebus
1104 2061 1341 2105 intercede-

227 2138 304 2174 ret.
348 2131 688 2180 Harderovicena
731 2139 943 2182 academia
975 2140 1139 2183 sublata
1176 2139 1220 2181 in
1255 2153 1339 2197 pa—

227 2209 347 2252 triam
391 2218 431 2253 et
468 2212 520 2255 ad
557 2213 694 2258 foa-um
724 2215 861 2259 redire
901 2206 1067 2268 debuit,
1099 2215 1169 2273 qui
1196 2222 1336 2259 tamen
