1487 2625
509 190 861 231 MEDICA.
1195 201 1240 240 51

134 299 300 347 exemplo
327 297 448 346 vidit,
478 310 555 348 quo
588 299 678 337 retis
701 298 884 338 filamenta
909 299 1009 338 striis
1045 299 1242 338 ventriculi

129 368 362 409 inflammatis
389 379 515 408 exacte
540 377 642 408 erant
668 370 849 419 applicata
876 369 961 420 (1).

178 439 390 487 Ultimum,
418 441 521 488 quod
554 447 645 488 post
678 448 833 479 mortem
867 439 1030 478 occurrit
1046 466 1060 486 ‚
1084 438 1124 476 in
1148 448 1237 476 ven·

127 509 277 563 triculo·
315 509 463 557 signnm
515 509 694 548 exhibent
739 509 918 559 sanguis,
971 508 1035 557 qui
1075 507 1236 548 vasculis

128 579 335 618 minoribus
387 579 494 627 copia
541 579 690 618 diversa
730 591 846 627 eaque
887 579 1070 618 interdum
1107 588 1236 627 magna

127 647 332 688 effunditur
357 649 452 698 (α),
489 656 526 687 et
554 650 777 697 corpuscula
810 648 1027 696 albicantia,
1062 647 1236 688 Arsenici

128 718 297 757 habitum
316 729 405 767 prae
432 729 472 757 se
494 716 649 756 ferentia
664 746 678 766 ,
704 717 906 767 ipsumque
927 719 1109 758 interdum
1125 717 1236 757 Arse-

125 788 251 827 nicum
285 787 432 827 tunicae
467 787 632 830 internae
668 788 896 836 adhaerens,
944 789 1005 828 vel
1038 788 1077 826 in
1111 787 1234 837 ipsius

125 857 326 897 ventriculi
354 858 540 896 contentis
583 868 826 906 suspensum.
900 858 1140 907 Corpuscula
1174 858 1236 896 illa

124 927 323 967 albicantia
348 935 386 965 et
414 938 546 976 magno
574 928 770 976 splendore
799 928 961 976 praedita
986 927 1159 967 Arsenici
1183 927 1236 965 si-

120 995 369 1034 militudinem
397 995 613 1044 saepissime
656 1007 743 1045 prae
768 1008 809 1034 se
831 996 958 1035 ferunt
993 1006 1030 1035 et
1058 997 1098 1034 in
1133 1007 1235 1034 erro·

125 1076 201 1104 rem
243 1064 350 1104 facile
387 1067 542 1104 ducunt.
595 1066 662 1104 Illa
689 1066 727 1103 in
765 1067 915 1115 duplice
943 1078 1033 1105 casu
1069 1065 1236 1107 adfuisse

125 1143 252 1174 monet
290 1133 466 1174 Orfila
490 1136 589 1186 (3),
634 1136 932 1185 inveneruntque
971 1136 1234 1175 Monheim

126 1215 163 1244 et
185 1206 458 1244 Sartorius
486 1205 582 1256 (4),
610 1206 809 1254 eademque
832 1206 1045 1246 observavit
1073 1207 1235 1247 Chris-

127 1275 261 1312 tison
288 1275 370 1323 (5).
434 1274 617 1313 Constare
651 1274 822 1314 videntur
850 1287 896 1314 ex
924 1275 1132 1314 substantia
1157 1275 1236 1314 sin-

125 1343 242 1393 gulari
276 1342 449 1390 animali,
476 1344 690 1393 pinguedini
712 1346 855 1393 J‘uncta.

175 1413 398 1452 Ventriculo
435 1424 502 1462 per
542 1413 654 1452 vitam
688 1414 806 1453 valida
838 1413 1125 1453 inflammatione
1149 1422 1234 1452 cor-

127 1493 261 1535 repto,
289 1484 574 1532 intestinorum,
595 1484 784 1533 speciatim
818 1485 1008 1532 duodeni,
1035 1483 1158 1523 tunica
1179 1485 1236 1524 in·

129 1565 231 1595 terna
255 1554 402 1604 saepius
426 1556 552 1594 colore
580 1555 693 1593 rubro
720 1555 876 1605 tingitur
898 1564 1009 1604 atque
1034 1555 1235 1594 inflammaa

132 1626 236 1666 tione
267 1625 450 1666 interdum
488 1624 705 1675 corripitur.
778 1625 1022 1674 Schlegel
1056 1625 1167 1663 variis
1196 1624 1235 1663 in

1179 1695 1235 1733 lo-

171 1821 225 1859 (ι)
245 1820 379 1852 Morbid
398 1821 590 1861 Anatomy,
625 1828 660 1859 p.
681 1821 753 1852 128.
794 1821 847 1850 Cf.
870 1820 896 1851 C
911 1816 932 1850 h
946 1830 962 1850 r
977 1819 1015 1849 is
1029 1816 1090 1849 tis
1105 1828 1124 1848 o
1137 1828 1178 1855 n,
1211 1817 1237 1846 1·

132 1886 162 1907 c.
182 1885 216 1915 p.
237 1874 309 1905 548.

171 1931 227 1968 (2)
249 1929 341 1960 Acta
363 1928 445 1958 Nat.
470 1928 596 1958 Curios.
619 1926 697 1959 vol.
719 1927 763 1957 V.
784 1927 853 1957 obs.
877 1936 946 1957 102.
967 1936 1000 1964 p.
1021 1924 1091 1965 357.
1111 1940 1131 1947 -
1153 1923 1231 1953 Or·-

131 1982 294 2020 fi1a‚1.
316 1991 345 2012 c.
365 1991 398 2019 p.
425 1980 496 2022 589.
531 1997 552 2005 -
585 1980 753 2017 Bernt,
789 1981 952 2020 Beitriige
983 1990 1016 2008 u.
1037 1990 1062 2008 s.
1086 1976 1236 2015 w.‚1V.

134 2046 205 2068 221·
246 2035 297 2067 Cf.
321 2033 628 2073 Christis0n‚
651 2034 675 2063 1.
697 2044 726 2064 c.
747 2044 780 2072 p.
803 2033 874 2074 549.

175 2089 227 2127 (5)
247 2088 274 2119 1.
293 2099 322 2119 c.
342 2098 375 2127 p.
395 2087 550 2119 400-404.
584 2105 604 2112 -
646 2087 670 2117 B
684 2098 701 2117 x·
714 2097 730 2116 ι
744 2096 765 2116 n
779 2086 798 2115 d
814 2097 829 2116 e
844 2096 878 2124 ι,
914 2085 1018 2116 ΑνςΙι.
1041 2086 1096 2115 des
1115 2084 1240 2125 Apolli·

143 2143 303 2180 Venim,
326 2142 417 2173 1826.
439 2140 498 2171 Bd.
523 2139 659 2172 xvln.
681 2151 714 2180 p.
739 2139 809 2180 193.

176 2196 231 2236 (4)
251 2195 274 2225 1.
297 2206 327 2226 c.
347 2206 382 2234 p.
402 2194 515 2235 25-29.

179 2247 234 2286 (5)
254 2248 276 2279 Ι.
298 2259 325 2279 c.
346 2259 380 2288 p.
401 2248 472 2279 551.

647 2326 731 2363 D2
