1487 2625
237 211 284 248 68
455 202 1116 245 COMMENTATIO

243 327 311 361 ea,
349 324 443 363 quae
478 313 524 349 ad
562 313 730 350 homines
769 311 973 360 pertinent:
1015 310 1233 349 ostendebat
1270 310 1345 356 iis,

247 397 356 434 quarn
384 382 556 431 prudenti
582 381 741 419 consilio
775 390 810 424 et
836 391 972 427 corpus
999 389 1165 424 nostrum
1194 389 1346 423 exorna·

244 465 323 494 tum
359 454 436 500 sit,
473 461 510 490 et
543 452 685 489 animus
713 450 822 488 variis
848 449 1087 488 facultatibus
1113 449 1316 486 instructus
1334 475 1348 494 ,

247 535 283 563 et
313 533 515 571 utrumque
545 522 591 559 ad
622 520 931 569 conspirationem
967 519 1061 556 inter
1092 530 1133 556 se
1165 516 1352 565 composi·

246 603 324 632 tum
353 592 434 641 (1).

255 695 258 699 .
295 664 538 712 Benignitas:
576 673 658 700 nam
696 661 788 698 fines
826 660 880 707 ii,
917 661 962 698 ad
996 670 1094 707 quos
1120 658 1355 705 attingendos

249 733 314 771 Dii
339 743 458 770 rerum
485 740 649 769 naturam
671 741 936 779 composuere,
959 737 1048 767 sunt
1074 728 1164 766 fines
1186 728 1354 777 benigni;

249 804 333 842 finis
360 804 419 841 hic
445 814 523 841 non
551 811 635 848 est,
665 814 684 839 e
713 800 934 839 Socratis
961 799 1166 846 sententia,
1193 797 1358 846 pulchri·

252 873 345 910 tudo
369 881 432 911 aut
459 873 558 911 aliud
582 872 672 919 quid
700 872 910 920 ejusmodi,
948 871 1019 908 sed.
1042 871 1225 908 hominum
1252 868 1359 907 utili-

249 953 325 982 tas.
383 942 516 980 Omnis
555 953 676 979 rerum
713 950 841 978 natura
874 937 1056 987 artificem
1091 939 1250 988 arguit,
1287 950 1358 975 non

251 1022 399 1050 tantum
432 1011 486 1049 ad
518 1011 743 1062 propositum
793 1008 975 1058 quoddam
1021 1010 1152 1047 omnia.
1190 1007 1359 1046 sollerter

251 1081 491 1131 adaptantem
505 1109 518 1127 .‚
553 1079 618 1118 sed
643 1082 754 1118 etiam
781 1080 1031 1116 animantium
1057 1087 1243 1116 amantem
1271 1079 1356 1125 (2).

251 1152 352 1189 Haec
387 1160 506 1189 autem
543 1149 751 1198 benignitas
779 1149 900 1196 primo
929 1150 1014 1185 loco
1042 1147 1224 1184 hominem
1253 1157 1360 1195 spec—

251 1229 329 1258 tat:
356 1221 401 1258 ad
426 1220 566 1267 reliqua
587 1219 779 1267 benignam
803 1230 904 1255 suam
927 1229 1049 1255 curam
1076 1217 1138 1255 Dii
1158 1217 1359 1254 extendunt

254 1292 360 1328 unice
386 1289 578 1327 hominum
603 1299 714 1326 causa
730 1315 743 1332 ‚
780 1296 820 1324 ut
846 1287 1058 1324 hominibus
1088 1287 1176 1324 haec
1203 1286 1360 1324 inservi-

253 1368 315 1396 ant
336 1360 419 1406 (3).
486 1359 608 1407 Hujus
647 1368 730 1404 erga
765 1356 934 1393 homines
970 1355 1208 1404 benignitatis
1244 1357 1359 1394 docu-

255 1436 373 1466 menta
408 1427 625 1465 ostendebat
656 1427 693 1463 in
728 1425 898 1473 corporis
922 1426 1108 1473 animique
1131 1426 1280 1463 humani
1305 1437 1360 1463 ra-

255 1499 357 1535 tione
379 1506 415 1535 et
439 1497 477 1535 in
502 1497 641 1544 reliqua
665 1507 785 1533 rerum
809 1504 958 1540 natura,
985 1497 1030 1533 ad
1054 1495 1244 1533 hominum
1269 1507 1359 1533 usus

256 1568 363 1615 plane
400 1568 578 1615 adaptata.
635 1566 806 1613 Magnam
843 1577 995 1611 quoque
1029 1564 1261 1612 benignitatis
1299 1565 1360 1601 de-

255 1637 561 1675 monstrationem
602 1637 673 1673 hoc
712 1635 896 1680 habebat,
937 1635 1038 1680 quod
1076 1634 1162 1680 Dii,
1192 1633 1257 1670 ubi
1289 1644 1360 1671 nos

252 1709 396 1745 deserat
425 1706 561 1751 ingenii
587 1705 705 1742 nostri
731 1705 789 1742 vis
805 1732 818 1750 ‚
846 1705 970 1740 adesse
996 1703 1105 1740 nobis
1129 1702 1246 1740 velint
1270 1714 1360 1740 con-

256 1777 348 1815 siliis
382 1776 487 1823 suis,
525 1784 560 1812 et
596 1776 640 1813 de
680 1775 789 1811 rebus
826 1772 1074 1820 suscipiendis
1100 1772 1361 1810 omittendisve

254 1858 324 1885 nos
354 1847 571 1884 admoneant
596 1845 677 1892 (4).

305 1917 410 1954 Hanc
441 1915 586 1953 divinae
608 1923 757 1952 naturae
782 1911 1049 1960 perfectionem
1075 1913 1277 1950 limitatam
1303 1922 1362 1949 es-

256 1998 297 2026 se
328 1985 557 2024 existimabat
594 1984 687 2030 alia,
719 1994 848 2029 nempe
875 1981 1066 2030 Justitia„
1125 1981 1238 2031 Juste
1264 1979 1359 2017 enim

676 2072 679 2075 v
1287 2050 1358 2086 De·

299 2106 347 2145 [1)
371 2105 424 2136 Cf.
445 2106 544 2133 Mem.
568 2103 596 2133 I.
617 2114 646 2134 c.
665 2103 698 2133 4.
720 2102 810 2130 alibi.

299 2146 346 2198 (α)
371 2157 424 2186 cf.
446 2160 544 2190 Mem.
573 2158 600 2187 ι.
622 2168 651 2188 c.
671 2157 703 2187 4.
726 2158 752 2192 §.
777 2167 808 2195 7⁴

297 2212 347 2248 (3)
372 2210 424 2240 Cs-
444 2213 543 2241 Mem.
567 2209 629 2240 1V.
651 2221 679 2239 c.
699 2209 732 2242 3.
755 2212 787 2249 ᾗ.
802 2219 851 2239 10.

297 2264 349 2304 (4)
372 2265 423 2294 Cf.
444 2266 541 2295 Mem.
563 2263 625 2293 lv.
639 2275 667 2294 c.
682 2264 710 2293 5.
731 2263 856 2301 passim.
