1487 2625
378 186 978 232 THEOLOGICA.
1183 212 1230 250 39

114 293 292 342 explicuit
315 295 744 347 physico-theologicum,
775 310 814 337 ut
842 302 999 349 dicitur,
1035 316 1230 352 argumeta->

113 371 207 405 tum.
279 364 394 414 Quod
430 378 515 403 sane
555 369 718 406 omnium
754 381 809 411 est
847 375 1247 425 excellentissimum),

110 441 148 472 et
175 433 227 473 ob
251 434 554 483 perspicuitatem
573 465 585 483 ‚
626 448 661 474 et
690 438 738 474 ob
763 440 837 478 vim
864 442 900 478 in
928 443 1120 483 hominum
1149 449 1228 490 anie

108 514 222 552 mos3
264 505 362 543 unde
400 507 506 543 etiam
546 518 590 544 eo
623 507 681 546 usi
719 518 807 547 sunt
842 512 1036 560 plerique,
1080 516 1145 562 qui
1180 518 1227 557 de

104 573 217 613 rebus
258 573 395 616 divinis
435 575 690 625 philosophati
734 589 836 618 sunt.
911 583 1055 623 Primus
1101 595 1222 627 autem

102 644 349 694 teleologicam
374 645 468 683 hanc
495 650 846 695 argumentationem
875 652 1039 693 instituit
1061 656 1224 694 Socra-

102 722 190 754 tes.
255 715 351 754 Nam
388 715 531 764 priores
568 718 812 767 philosophi,
854 722 919 768 qui
957 724 1116 766 divinam
1158 738 1222 769 na-

100 792 220 826 turam
259 787 298 823 νὶ
333 787 518 834 quadam,
557 798 633 826 non
671 800 789 827 mente
823 792 1004 831 contineri
1034 795 1221 834 existima—

99 853 216 902 bant,
266 855 313 893 ad
360 867 440 894 eam
487 859 680 906 pervenire
726 861 878 899 omnino
915 873 992 905 non
1028 874 1215 912 poterant.

99 924 427 973 Anaxagoras,
457 927 522 974 qui
547 928 691 975 primus
713 938 879 971 naturam
906 933 1066 975 divinam
1087 940 1219 975 mentis

98 996 250 1035 nomine
287 996 503 1045 insignivit,
546 1007 582 1041 et
623 999 757 1037 mentis
797 1000 979 1043 actionem
1006 1006 1042 1045 in
1076 1006 1218 1044 mundo

96 1064 291 1105 efficiendo
327 1067 508 1115 agnovit,
545 1069 709 1116 neglexit
744 1078 863 1108 tamen
899 1075 1032 1111 mentis
1072 1076 1218 1123 sapien-

95 1143 153 1174 ter
188 1136 331 1183 agentis
369 1137 525 1185 vestigia
563 1148 598 1176 et
637 1140 887 1187 documenta,
931 1154 970 1180 ut
997 1145 1045 1183 ita
1071 1146 1216 1194 dicam,

97 1204 135 1241 in
164 1216 284 1243 rerum
311 1215 441 1244 natura
469 1207 690 1246 ostendere:
730 1221 749 1246 e
773 1214 894 1249 causis
918 1213 1102 1263 physicis,
1140 1227 1217 1254 non

98 1285 144 1312 ex
162 1275 327 1313 auctoris
351 1276 541 1323 cujusdam
568 1281 727 1328 sapienti
748 1282 917 1327 consilio,
953 1286 1076 1322 omnia
1098 1287 1217 1334 expli·

96 1354 177 1383 care
209 1344 371 1383 studuit.
433 1345 547 1394 Quod
583 1347 656 1395 jam
694 1349 827 1386 Plato
854 1360 888 1387 et
914 1352 1214 1395 Aristoteles

96 1415 355 1462 vituperarunt
391 1414 476 1464 (1).
559 1417 787 1458 Socrates
826 1421 970 1467 primus
1008 1421 1107 1472 fuit⁹
1148 1427 1214 1473 qui

96 1493 253 1523 mentem
288 1485 449 1523 divinam
480 1497 557 1525 non
587 1488 631 1524 ad
672 1489 709 1528 id
735 1498 874 1526 tantum
903 1503 1129 1540 assumeret‚
1172 1506 1213 1532 ut

95 1555 225 1592 mundi
274 1558 480 1604 motusque
521 1557 696 1595 omnibus
731 1559 844 1597 rebus
880 1560 986 1600 inditi
1031 1564 1210 1612 originem

95 1624 323 1673 explicaret,
364 1626 429 1663 sed
459 1635 499 1665 ut
524 1628 603 1675 eius
631 1639 783 1674 quoque
806 1630 1020 1677 sapientiam
1047 1633 1084 1670 in
1108 1636 1210 1673 omni

94 1706 218 1733 rerum
249 1703 380 1733 natura
402 1696 610 1735 luculenter
637 1696 855 1743 patefactam
883 1711 1076 1742 cerneret..

145 1765 188 1803 In
219 1765 362 1803 ratione
390 1774 539 1813 autem,
579 1779 654 1814 qua
692 1768 915 1828 ¹Socrates
953 1782 1208 1819 argumentum

92 1834 186 1873 illud
210 1834 417 1883 explicuit,
446 1835 635 1873 observari
660 1846 787 1884 potest
812 1839 915 1886 priva
936 1841 1015 1890 ejus
1041 1854 1080 1879 ac
1100 1854 1210 1890 pecu-

93 1904 193 1943 liaris
233 1904 420 1945 sentiendi
452 1905 561 1943 ratio·
628 1907 724 1944 Nam
764 1910 914 1956 respicit
952 1914 1208 1953 tantummodo

93 1976 140 2014 ad
160 1987 220 2014 eas
244 1987 303 2014 res
321 2003 333 2023 ‚
362 1986 457 2022 quae
479 1975 673 2013 utilitatem
699 1976 857 2019 afferunt
883 1979 1098 2019 hominibus
1116 2011 1129 2028 ‚
1150 1992 1206 2025 ,et

91 2047 293 2086 destinatae
327 2054 444 2093 sunt,
482 2054 524 2084 ut
565 2047 697 2084 horum
734 2049 919 2097 voluptati
939 2059 974 2087 et
999 2053 1214 2099 commodis.

47 2100 52 2103 ⁵
1045 2160 1048 2163 ,
1150 2123 1211 2160 in=

135 2192 185 2232 (ι)
220 2192 271 2223 Cf.
306 2190 540 2229 Reinh01d‚
576 2192 763 2222 Handbuch
797 2194 852 2224 der
883 2196 1102 2236 allgemeinen
1140 2200 1215 2229 Gen

91 2245 237 2276 schickte
257 2246 314 2276 der
337 2245 556 2287 I'lzilosopln'e
571 2266 582 2283 ,
606 2249 627 2275 t.
654 2245 680 2275 1.
702 2256 735 2285 p.
756 2245 807 2276 58.
