1487 2625
219 258 289 287 102
435 246 1086 286 COMMENTATIO

219 356 304 393 Diis
321 368 470 393 causam
498 355 746 404 benefaciendi
769 368 839 393 csse
860 365 1063 404 naturam,
1090 358 1169 396 illos
1195 348 1320 397 noem

217 438 287 463 non
310 436 409 474 posse
433 425 515 473 (1).
571 424 673 461 Talis
694 426 837 462 demum
864 426 926 463 Dei
950 426 1056 463 notio
1078 438 1164 465 vere
1188 429 1321 466 excitat

218 494 369 533 fiduciae
400 495 438 531 in
471 494 554 532 Deo
590 505 764 541 sensnm,
792 507 948 532 amorem
975 507 1057 543 erga
1076 497 1217 544 Deum,
1245 499 1324 536 ani-

219 575 393 611 mumque
430 564 464 601 ei
505 565 611 612 plane
644 565 831 612 deditum3
875 577 919 603 ex
955 566 1020 603 hac
1059 566 1178 604 oritur
1212 567 1322 605 animi

218 633 465 681 tranquillitas
501 645 564 680 ea,
605 646 675 682 qua
708 636 822 672 homo
848 635 885 672 in
913 635 1042 673 mediis
1065 647 1183 674 rerum
1206 645 1324 676 exter-

217 715 345 743 narum
366 704 675 742 fluctuationibus
703 705 748 742 ad
769 707 888 743 Deum
917 705 1093 753 erigitur,
1130 715 1166 744 et
1194 705 1322 746 Divini

217 775 351 812 amoris
378 784 490 812 sensu
515 783 692 813 constans
719 784 838 812 manet
865 785 899 813 et
927 787 1095 814 serenus.
1135 777 1208 815 Hie
1230 778 1324 816 cala-

218 843 360 881 mitates
378 871 391 890 ‚
419 855 514 890 quae
537 844 610 891 ipsi
633 845 831 892 accidunt,
859 846 1061 893 tranquillo
1087 845 1161 885 fert
1181 847 1321 887 animo.

218 912 446 951 Socrates
484 922 612 951 contra
646 916 867 952 calamitates
901 916 1045 955 dicebat
1078 928 1156 954 esse
1185 928 1323 965 poenas

216 982 372 1020 Divinas
396 984 491 1031 (2),
521 995 674 1031 quarum
701 983 815 1032 igitur
839 996 951 1023 sensu
980 997 1055 1023 non
1081 995 1225 1034 poterat
1248 997 1324 1024 non

215 1052 364 1100 penitus
399 1053 534 1103 deJ'ic13
569 1054 720 1092 simulac
758 1055 890 1100 ingrati
916 1056 1006 1103 quid
1029 1056 1101 1104 ipsi
1122 1056 1325 1102 accideret,

218 1131 253 1160 et
273 1134 392 1160 rerum
420 1133 585 1161 naturam
614 1133 798 1162 externam
816 1153 829 1171 ‚
866 1133 903 1162 et
930 1126 1075 1172 Deum,
1105 1125 1174 1162 sibi
1202 1126 1328 1163 adver-

217 1203 298 1230 sum
344 1193 505 1240 cogitare
544 1193 730 1239 debebat,
772 1203 808 1231 et
848 1194 901 1231 sic
937 1194 982 1231 ab
1021 1194 1120 1231 omni
1158 1204 1263 1242 parte
1286 1205 1326 1232 se

217 1261 262 1298 ab
292 1262 467 1300 hostibus
495 1264 630 1301 sentire
653 1264 932 1300 circumdatum.
975 1264 1017 1300 In
1043 1264 1193 1300 adversa
1217 1263 1329 1312 igitur

214 1332 366 1369 fortuna
390 1343 465 1369 non
491 1333 584 1370 illud
612 1333 644 1369 ei
671 1332 818 1379 patebat
843 1332 1022 1380 refugium
1041 1360 1053 1378 ,
1083 1333 1185 1379 quod
1211 1334 1327 1371 omni-

212 1402 288 1439 bus
309 1410 438 1449 patet,
475 1401 539 1448 qui
565 1402 696 1439 melius
722 1403 766 1438 de
800 1403 881 1440 Deo
923 1402 1058 1440 sentire
1096 1402 1326 1449 didicerunt,
1374 1435 1376 1438 Α

216 1481 349 1518 nempe
384 1479 425 1507 ut
464 1473 507 1509 ad
537 1473 653 1510 Deum
677 1471 923 1519 confugiant:
963 1473 1061 1509 hunc
1087 1471 1206 1519 ipsum
1232 1472 1326 1509 enim

218 1539 293 1577 sibi
330 1541 524 1578 adversum
560 1552 641 1579 esse
673 1541 828 1589 cogitat.
893 1543 945 1579 At
977 1553 1094 1588 vero,
1136 1541 1329 1578 obmoveri

216 1618 372 1657 posset,
408 1611 447 1647 in
484 1622 628 1648 carcere
657 1620 775 1648 tamen
811 1620 847 1649 et
882 1611 1014 1648 mortis
1050 1611 1217 1659 periculo
1250 1612 1329 1650 So·

216 1688 373 1717 crates
399 1680 654 1718 inconcussam
681 1681 790 1718 animi
814 1682 1114 1728 tranquillitatem
1150 1681 1326 1719 ostendit.

219 1748 289 1786 Hic
316 1758 435 1787 autem
464 1750 557 1788 idem
588 1751 853 1797 observamus,
893 1751 996 1798 quod
1020 1750 1057 1787 in
1082 1750 1231 1787 Socrate
1254 1750 1325 1799 jam

218 1821 365 1867 saepius
380 1820 662 1858 observavimus
677 1849 689 1867 ‚
704 1830 739 1858 et
756 1822 856 1868 quod
872 1822 908 1858 in
925 1822 1096 1858 omnibus
1112 1820 1326 1858 hominibus

217 1890 407 1936 cernitur,
447 1901 579 1937 nempe
618 1903 636 1927 a
676 1900 820 1928 natura
859 1893 1079 1941 incorrupta
1114 1892 1213 1928 vinci
1247 1889 1329 1928 doc-

214 1961 357 1996 trinam
389 1971 566 2009 pravam.
634 1960 673 1997 Si
715 1962 976 1998 convenienter
1013 1961 1202 1997 doctrinae
1241 1971 1329 1998 suae

216 2029 324 2065 vitam
349 2029 622 2076 composuisset
638 2058 651 2076 ‚
691 2041 767 2067 non
794 2031 980 2078 potuisset
1006 2030 1202 2077 tranquille
1231 2041 1327 2067 mor·

216 2107 287 2134 tem
316 2098 416 2135 adire
442 2100 523 2146 (3).
563 2119 617 2127 --

257 2197 305 2236 (ι)
343 2197 396 2228 Cf.
419 2198 574 2228 Seneca
592 2221 599 2235 ‚
624 2200 735 2237 Epist.
757 2200 805 2239 95.
1270 2152 1324 2191 Ea

256 2251 305 2288 (2)
340 2251 391 2280 Cf.
414 2253 510 2281 M'em.
534 2251 595 2281 IV.
611 2263 638 2282 c.
653 2252 681 2282 4.
705 2255 737 2292 §-
763 2263 811 2292 19·
831 2264 905 2292 sqq.

256 2303 302 2342 ὦ)
341 2302 539 2333 Socrates
562 2327 568 2340 2
602 2317 653 2344 pei
693 2311 809 2336 sortem
837 2317 921 2335 suam
944 2306 1056 2337 melius
1077 2306 1207 2337 edo-ms
1222 2328 1231 2344 ,
1262 2308 1323 2337 sub

1267 2370 1321 2391 Vl-
