1487 2625
275 166 296 201 8
629 158 913 201 INTRODUC
920 161 1026 201 ΤΙΟ.

279 271 368 309 uber
407 270 529 307 omnia
544 297 558 316 ,
598 268 643 306 ab
686 268 767 308 aliis
801 280 949 318 accepta
964 298 977 317 ,
1028 272 1073 309 ad
1106 271 1248 320 privam
1285 284 1385 312 suam

277 340 453 378 rationem
482 339 673 386 componit
703 348 737 375 et
765 348 928 379 exornat.
981 339 1142 378 Constat
1174 349 1388 390 praeterea,

276 408 640 456 Xenophontem
668 419 781 445 unum
810 410 969 446 audiisse
1004 411 1268 459 Socratem,
1304 423 1388 449 cum

275 478 411 517 Plato
439 477 483 514 ab
512 476 749 515 Eleaticis
778 489 931 525 quoque
964 477 1165 526 profecerit
1193 488 1230 518 et
1255 491 1276 518 a
1298 482 1392 520 Me·
1417 527 1426 530 Δ

276 547 483 596 garicis,
521 547 900 596 pythagoraeis,
937 547 1226 598 Aegyptiis.
1251 571 1306 581 —
1334 551 1393 589 Si-

278 619 356 656 mul
392 626 514 655 tamen
550 618 715 655 concedo
730 645 743 664 ,
794 619 896 665 quod
944 618 998 655 illi
1034 626 1167 667 urgent
1183 645 1194 663 ‚
1240 619 1395 657 Xeno-

277 689 522 737 phontem
571 688 608 725 in
653 687 962 726 Memorabilibus
987 688 1084 726 'non
1119 701 1256 727 omnem
1293 700 1394 727 com-

277 760 426 807 plexum
469 769 548 797 esse
584 757 810 795 Socratis
849 758 1070 796 doctrinam.
1136 758 1210 796 Sed
1245 758 1395 797 minime

276 828 362 866 ideo
378 856 391 875 ,
428 828 514 875 quia
549 838 625 866 non
652 839 798 866 omnem
825 828 1029 876 perciperet
1056 827 1136 866 eius
1157 829 1391 877 doctrInam3

278 906 316 935 at
339 909 452 945 vero,
496 898 582 945 quia
607 908 754 935 omnem
779 897 876 935 illam
902 897 1103 935 doctrinam
1129 896 1290 944 referre,
1317 907 1395 935 non

277 965 506 1015 congruebat
551 967 710 1004 consilio
759 967 975 1016 magistrum
1039 966 1286 1014 defendendi,
1333 967 1396 1006 cui

278 1036 415 1074 librum
444 1048 550 1075 suum
579 1038 887 1077 accommodavit.

330 1106 432 1153 Sed,
485 1106 572 1143 iicet
616 1106 723 1143 etiam
762 1116 973 1153 statuatur,
1024 1108 1394 1154 Xenophontem

278 1185 355 1213 non
394 1186 475 1214 esse
514 1175 586 1212 fide
620 1175 773 1224 dignum
811 1176 849 1213 in
886 1176 958 1222 iis,
998 1189 1092 1223 quae
1117 1177 1226 1214 tradit
1250 1177 1295 1214 de
1316 1177 1396 1215 So-

277 1244 434 1283 cratis
484 1244 680 1292 doctrina;
733 1246 792 1282 vel
829 1246 881 1282 sic
922 1255 1040 1282 tamen
1056 1273 1069 1292 ,
1124 1254 1165 1282 ut
1197 1244 1394 1293 aliquando

273 1322 452 1352 constare
498 1314 649 1362 possit,
695 1314 845 1361 quinam
897 1315 970 1352 sint
1016 1315 1165 1363 genuini
1209 1315 1397 1354 doctrinae

279 1384 495 1422 Socratis
522 1382 646 1421 fontes
664 1411 676 1430 ,
705 1385 858 1421 omnino
880 1395 1031 1421 necesse
1049 1385 1138 1431 erit,
1167 1394 1207 1422 ut
1227 1394 1396 1423 accurate

277 1461 556 1501 cognoscatur,
599 1453 691 1501 quid
727 1454 995 1502 Xenophon
1023 1455 1140 1491 tradat
1168 1455 1212 1491 de
1236 1455 1395 1495 Socra-

278 1531 354 1561 te:
378 1534 460 1560 nam
484 1524 538 1560 sic
567 1523 711 1560 demum
742 1522 811 1560 rite
838 1523 982 1560 institui
1004 1523 1229 1571 comparatio
1254 1523 1394 1571 poterit

277 1593 374 1630 inter
411 1593 773 1640 Xenophontem
828 1601 864 1629 et
896 1593 1091 1639 reliquos,
1132 1592 1197 1640 qui
1229 1593 1275 1630 de
1315 1594 1394 1631 So-

277 1669 407 1699 crate
443 1661 690 1710 scripserunt.
743 1662 861 1709 Igitur
888 1660 941 1698 sic
971 1673 1124 1709 quoque
1151 1662 1391 1700 utilissimum

278 1730 373 1777 erit,
404 1732 506 1779 quod
532 1731 653 1768 voluit
677 1732 815 1779 inclyta
837 1731 1068 1769 facultas
1090 1732 1393 1781 Theologica,

277 1809 320 1838 ut
346 1809 552 1848 exponatur
574 1809 611 1837 et
634 1801 792 1838 examini
833 1800 1052 1849 subjiciatur
1085 1800 1311 1837 Socratis
1347 1801 1393 1839 de

277 1870 388 1909 rebus
412 1869 547 1908 divinis
573 1870 765 1917 doctrina,
793 1883 812 1907 a
838 1870 1158 1919 Xenophonte
1185 1872 1223 1908 in
1248 1871 1390 1909 Memo-

276 1941 458 1979 rabilibus
486 1940 694 1989 proposita.

328 2009 428 2047 Huic
456 2019 577 2047 autem
605 2009 816 2057 quaestioni
837 2021 1115 2058 responsurus,
1143 2021 1240 2057 opus
1263 2019 1389 2057 aggre-

277 2079 360 2118 dior
398 2079 652 2117 difficillimum
683 2090 785 2117 sane.
826 2079 972 2117 Omitto
998 2078 1257 2123 difficultates,
1296 2090 1389 2126 quae

278 2160 354 2187 non
392 2157 552 2196 possunt
580 2160 657 2186 non
681 2150 835 2194 adesse,
877 2148 941 2185 nbi
967 2148 1180 2196 explicanda
1205 2155 1260 2185 est
1284 2158 1389 2186 mens

278 2220 488 2261 doctrinave
511 2218 578 2257 viri
605 2219 784 2266 alicuius,
827 2217 1007 2266 imprirnis
1036 2225 1174 2264 aetate,
1204 2217 1381 2265 regione,

1303 2296 1386 2325 sen-
