1487 2625
223 209 266 246 18
471 197 1130 239 COMMENTATIO

275 313 348 352 Sed
382 312 469 348 haec
504 307 672 345 conditio
704 306 964 354 philosophiae
997 315 1134 343 mutata
1156 314 1210 343 est
1232 305 1335 344 dein·

226 395 330 432 ceps.
381 382 449 419 Per
478 379 577 426 ipsas
618 377 697 414 illas
731 377 775 413 de
807 387 926 412 rerum
952 385 1080 412 natura
1101 374 1332 423 disquisitio-

228 464 293 491 nes
310 478 323 498 ,
349 460 414 497 per
434 449 528 486 bella
553 457 636 484 cum
661 446 780 484 Persis
796 473 809 492 ,
842 456 984 482 summa
1007 444 1136 481 virium
1167 445 1330 482 omnium

227 519 464 560 contentione
479 526 515 555 et
529 515 743 555 felicissimo
760 525 951 560 successu,
968 523 1069 561 gesta
1081 541 1093 560 ,
1117 525 1182 561 per
1196 524 1331 551 merca-

228 600 344 628 turam
383 596 420 626 et
467 598 551 625 cum
586 585 697 624 variis
725 583 876 632 populis
911 583 1238 631 conjunctionem,
1286 585 1334 621 ad

226 660 400 708 majorem
432 657 573 694 cultum
609 663 820 703 pervenerat
850 654 948 700 apud
980 653 1143 690 Graecos
1167 651 1334 690 intellec-

226 741 303 768 tus.
383 728 455 766 Sed
483 727 598 775 maj0r
635 726 720 762 item
763 735 827 771 per
856 724 1125 767 hasce,causas
1162 731 1242 760 orta
1274 730 1334 760 est

225 799 361 838 civium
395 796 583 845 opulentia
642 795 838 841 cultusque
875 802 1076 830 externus:
1125 792 1174 829 ita
1223 792 1335 829 simul

226 869 382 908 invaluit
415 866 565 905 avaritia
598 874 633 903 et
668 863 848 909 lascivia,
887 871 922 900 et
953 861 1109 900 fractum
1144 870 1199 900 est
1234 861 1335 909 apud

208 939 433 988 vpermultos
488 935 679 984 antiquum
729 934 818 971 illud
864 943 1158 980 generosumque
1198 931 1336 980 patriae

226 1007 436 1046 communis
467 993 646 1045 studiurn.
714 1005 812 1042 Cum
837 1003 884 1041 ita
906 1003 977 1040 hoc
1005 1011 1197 1051 tempore,
1232 1001 1336 1055 quod

225 1072 430 1117 Periclis
469 1089 598 1116 aevum
629 1074 700 1113 dici
741 1075 866 1120 solet,
906 1073 1115 1111 intellectus
1151 1072 1334 1109 excolere-

228 1158 320 1195 tur,
368 1147 490 1185 virtus
528 1143 834 1188 imminueretur,
885 1153 961 1179 non
995 1141 1152 1189 amplius
1188 1151 1332 1177 morum

226 1216 473 1264 corruptelam
505 1218 672 1254 coercere
697 1220 924 1262 potuerunt,
960 1222 1054 1258 quae.
1086 1219 1189 1248 antea
1215 1210 1332 1248 Grae-

225 1297 292 1323 cos
318 1292 510 1330 rexerant,
546 1282 733 1330 religionis
765 1280 1079 1326 traditionumque
1097 1279 1332 1325 antiquarum

224 1354 453 1401 reverentia,
481 1364 564 1391 cum
592 1353 657 1400 qui
681 1352 746 1389 has
772 1351 961 1395 colerent,
1002 1356 1162 1397 agrestes
1185 1354 1222 1384 et
1244 1347 1333 1384 sim-

223 1423 341 1473 plices
382 1422 602 1460 haberentur
639 1421 683 1458 ab
717 1419 892 1458 omnibus
927 1419 1050 1466 paullo
1082 1416 1332 1462 cultioribus,

222 1505 289 1531 nec
324 1493 460 1542 patriae
498 1502 624 1537 amor,
675 1502 758 1528 cum
795 1489 962 1538 plerique
1001 1488 1139 1535 patriae
1176 1488 1330 1524 salutem

222 1575 310 1601 suae
347 1562 496 1600 utilitati
527 1567 810 1609 postponerent.
862 1559 922 1597 Ex
960 1559 1026 1595 hac
1060 1568 1180 1594 rerum
1206 1556 1334 1594 condi-

223 1633 326 1669 tione
375 1631 596 1669 exstiterunt
656 1629 940 1676 sophistae:
992 1626 1032 1663 hi
1067 1626 1189 1672 enim,
1245 1637 1330 1662 cum

222 1702 321 1748 apud
340 1712 468 1738 omnes
492 1710 613 1736 ortum
637 1708 733 1737 esset
755 1697 917 1735 studium
941 1695 1188 1744 cognitionis,
1214 1696 1331 1744 palam

223 1783 264 1808 ea
288 1779 445 1807 tractare
466 1777 695 1815 coeperunt,
726 1778 819 1814 quae
838 1775 941 1803 antea
967 1779 986 1803 a
1010 1766 1098 1802 viris
1119 1765 1332 1811 nonnullis,

222 1851 241 1878 a
266 1840 342 1876 vita
366 1838 553 1875 communi
593 1836 846 1873 recedentibus
865 1861 876 1879 ,
916 1844 1067 1872 tractata
1103 1844 1232 1881 erant,
1267 1834 1332 1871 sed

222 1910 330 1946 simul
356 1907 591 1946 destruebant
616 1906 736 1943 omnia
778 1915 855 1942 tum
882 1903 1078 1950 scientiae,
1114 1914 1193 1941 tum
1216 1903 1332 1941 virtu-

221 1980 293 2025 tis,
329 1988 407 2015 tum
442 1976 601 2014 civitatis
629 1975 834 2022 principia,
876 1986 967 2021 quae
993 1974 1187 2020 hucusque
1207 1973 1331 2010 value-

1220 2050 1324 2087 rant,

221 2115 374 2154 signivit,
409 2113 463 2142 sed
499 2113 592 2142 simul
625 2112 658 2140 id
690 2113 723 2140 in
756 2112 910 2147 materia,
946 2111 980 2140 in
1013 2114 1083 2142 aere
1105 2109 1222 2148 posuit·
1276 2109 1329 2139 Cf.

222 2168 484 2197 'l'ennemann
517 2167 540 2197 l.
568 2166 590 2196 l.
625 2177 658 2204 p.
685 2166 744 2206 596
778 2169 846 2194 not.
881 2164 938 2204 395
971 2167 1041 2195 not.
1074 2164 1134 2195 400
1154 2166 1221 2192 not.
1243 2163 1324 2199 404,

217 2222 301 2256 418,
325 2222 397 2260 419.
441 2219 504 2249 Sed
526 2220 689 2250 nonlicet
729 2219 849 2248 diutius
880 2228 1048 2248 excurrere
1081 2218 1114 2246 in
1143 2215 1213 2254 his,
1248 2226 1328 2255 quae

218 2274 362 2303 breviter
382 2272 560 2312 attingenda
583 2276 672 2301 erant
687 2293 696 2307 ,
720 2276 754 2300 ut
777 2276 808 2300 et
831 2272 891 2300 rite
913 2271 1052 2310 exponi,
1077 2273 1107 2298 cl:
1134 2279 1192 2299 suo
1219 2269 1325 2308 pretio

216 2326 374 2356 aetlimari
395 2326 495 2363 possit
516 2324 713 2354 Socratis
735 2323 890 2353 doctrina.
