1487 2625
208 187 252 214 12
428 172 1091 213 COMMENTATIO

203 282 381 322 Anxietas
417 282 554 320 accedit
589 281 720 330 ingens
758 291 794 319 et
824 282 923 319 oculi
950 281 1215 331 splendentes,
1251 296 1313 323 ru-

202 354 294 392 bore
315 355 503 401 profundo
535 352 717 389 interdum
745 351 875 398 tincti,
899 363 943 389 ex
963 352 1095 390 orbitis
1122 353 1202 391 suis
1225 364 1316 401 pro·

132 420 140 425 ’
200 425 298 461 trudi
326 424 509 460 videntur.
565 422 683 460 Urina
705 422 886 458 interdurn
908 422 1098 459 dolorifica
1123 432 1158 459 et
1179 433 1311 471 parca,

198 495 258 532 vel
297 502 333 531 et
368 495 521 540 copiosa
560 504 579 529 e
616 501 775 538 corpore
805 491 1037 538 eliminatur3
1101 491 1175 528 irno
1215 491 1314 529 haud

198 565 334 603 desunt
368 565 479 613 hujus
507 562 674 601 veneficii
704 563 899 610 exempla,
929 561 1068 609 quibus
1094 561 1310 609 genitalium

195 635 319 673 aderat
356 642 481 672 tumor
523 641 570 679 et.v
603 634 710 670 dolor
757 632 795 669 in
837 631 980 669 vesicae
1024 631 1175 677 regione
1209 630 1310 678 apud

195 704 324 750 viros3
366 704 426 741 vel
447 705 576 741 ardens
598 704 749 750 vaginae
777 702 939 740 sensatio
965 701 1224 747 labiorumque
1249 712 1314 737 ex·

195 774 349 812 coriatio
376 774 414 810 in
437 772 627 811 foeminis.
693 772 794 809 Haec
817 784 902 809 cuin
922 783 989 819 per
1012 772 1197 819 quoddam
1218 779 1313 808 tem·

196 845 299 894 poris
345 844 506 892 spatium
552 843 665 881 fuerit
708 854 908 892 perpessus
958 853 1089 890 aeger,
1143 840 1310 879 motibus

194 914 426 954 convulsivis
450 913 655 952 levioribus
670 941 683 960 ,
713 913 937 961 quandoque
970 912 1164 950 dirissimis
1181 939 1194 959 ,
1220 922 1313 949 con·

194 985 370 1033 vellitur,
404 984 524 1032 primo
557 993 727 1022 truncum
745 1011 758 1030 ‚
788 991 917 1030 postea
941 991 1062 1020 totum
1089 993 1228 1030 corpus
1255 980 1313 1019 af-

195 1056 424 1094 ficientibus.
472 1055 646 1092 Surarum
676 1062 711 1090 et
737 1054 972 1090 brachiorum
998 1053 1176 1090 accedunt
1202 1063 1308 1100 spas-

196 1126 247 1164 mi
273 1125 312 1163 in
340 1124 518 1162 veneficio
544 1124 749 1161 Arsenicali
775 1122 989 1171 praeprimis
1017 1122 1143 1160 validi.
1194 1120 1307 1160 Vires

194 1196 375 1234 continuo
409 1194 522 1242 magis
557 1195 775 1232 decrescunt
792 1222 804 1240 ‚
833 1194 950 1230 donec
978 1204 1133 1239 prorsus
1161 1193 1307 1230 tandem

194 1265 377 1305 deficiant.
433 1265 568 1302 Pulsus
602 1263 696 1300 enim
737 1263 982 1300 intermittens
1019 1271 1120 1299 tactu
1147 1261 1190 1299 fit
1215 1260 1310 1299 diffi-

193 1337 275 1374 cilis
296 1346 331 1373 et
353 1336 558 1380 tremum,
588 1333 724 1370 indicio
751 1332 955 1370 vacillantis
982 1332 1103 1369 cordis
1130 1331 1305 1369 aetionis.

194 1405 343 1455 Lingua
371 1404 518 1445 tremit3
545 1404 640 1441 labia
667 1405 793 1440 colore
819 1402 934 1440 livido
961 1403 1075 1440 tincta
1101 1411 1306 1450 spumant,

192 1476 304 1514 facies
329 1475 613 1522 decomponitur
637 1483 671 1511 et
697 1473 836 1510 tristem
862 1473 936 1510 edit
959 1473 1070 1510 miser
1091 1475 1304 1510 clamorem.

195 1547 335 1584 Sensus
365 1549 504 1582 externi
541 1544 697 1590 deficere
730 1544 942 1592 incipiunt,
982 1542 1213 1580 imminuitur
1240 1554 1305 1580 au-

193 1615 294 1654 ditus
323 1614 502 1661 visusque
525 1614 619 1651 acies
635 1641 648 1659 ,
673 1622 784 1661 atque
805 1614 976 1651 dilatatur
1005 1613 1145 1660 pupilla
1174 1612 1219 1649 ad
1244 1613 1305 1649 lu·

192 1697 271 1724 cem
298 1685 500 1722 insensilis.
553 1684 694 1722 Delirat
734 1683 918 1729 subinde,
952 1691 1085 1730 stupor
1116 1681 1301 1719 interdum

191 1757 319 1803 adest3
348 1755 458 1793 silent
480 1754 652 1792 vomendi
672 1754 864 1791 conamina
895 1763 930 1790 et
953 1754 1068 1791 sudor
1096 1753 1241 1800 spissus
1266 1762 1304 1791 et

191 1825 354 1864 foetidus
385 1825 423 1862 in
447 1824 568 1873 capite
594 1835 628 1861 et
656 1833 805 1871 pectore
829 1823 1039 1871 prorumpit
1056 1851 1069 1868 ,
1103 1823 1301 1861 comitatus

192 1897 290 1934 haud
315 1907 396 1933 raro
432 1897 705 1933 extremitatum
739 1896 856 1932 livore
883 1893 1072 1941 profundo
1099 1904 1303 1941 eorumque

190 1967 330 2016 frigore
366 1977 584 2004 marmoreo.
645 1965 767 2003 Alvus
810 1964 1050 2002 foetidissima
1101 1963 1302 2001 inconsciis

191 2039 309 2086 aegris
332 2038 492 2075 solvitur
507 2065 519 2084 ,
545 2036 743 2084 aphtisque
767 2034 1012 2073 albicantibus
1028 2062 1040 2080 .,
1068 2033 1214 2080 nigrum
1243 2044 1305 2070 ce-

191 2109 318 2146 lerime
344 2107 648 2145 contrahentibus
675 2107 835 2143 colorem
853 2133 865 2150 ‚
903 2116 946 2142 os
972 2103 1183 2151 obtegitur,
1211 2103 1300 2140 dum

191 2179 378 2226 sanguinis
398 2177 608 2224 frequenter
625 2177 796 2213 oriuntur
810 2174 1013 2212 effusiones
1028 2174 1299 2220 subcutaneae‚

192 2258 375 2296 tamquam
416 2248 567 2285 totidem
609 2246 711 2294 signa
727 2274 739 2292 ‚
780 2256 874 2293 quae
919 2255 1098 2282 summam
1139 2243 1303 2282 indicant

1246 2327 1303 2353 vi-
