1487 2625
205 149 262 191 42
449 152 586 197 ADR.
620 152 785 198 CATH2
818 154 1076 201 HOLTlUS

202 284 492 344 Bergsma,
553 288 766 346 Kbopsio
806 302 1025 333 successor
1064 289 1185 343 date,
1246 290 1319 346 qui

203 361 287 406 hoc
326 377 436 406 anno
473 371 678 422 perpetuo
707 365 795 420 jure
831 373 975 409 noster
1005 381 1095 410 esse
1124 367 1314 426 coepisti.

201 438 237 482 E
278 440 488 483 communi
525 455 603 485 nos
646 442 880 504 naufragio
902 443 1184 497 enatavimus,
1241 443 1318 488 sed

201 515 324 559 uvida
349 517 432 573 jam
459 517 749 575 suspendimus
775 519 938 576 potenti

522 675 740 711 Vestimenta
763 675 868 710 maris
891 675 975 710 Deo.

200 823 337 880 Quam
381 822 505 881 igitur
551 821 773 865 stationem
817 827 990 877 uterque
1035 833 1146 863 nunc
1195 827 1319 863 tran-

201 900 368 957 quillam
394 906 434 943 et
459 913 674 951 securam,
709 897 973 950 othnemus,
1003 904 1049 940 ut
1075 897 1162 953 ejus
1197 909 1319 940 com-

193 976 332 1020 modis
380 976 450 1019 diu
494 976 682 1019 fruamur
728 974 782 1018 ad
815 974 942 1018 decus
974 981 1014 1017 et
1058 973 1319 1018 emolumen-

197 1059 283 1096 tum
322 1053 586 1104 academiae,
618 1049 662 1094 id
704 1051 827 1094 nobis
859 1058 1055 1108 optamus
1091 1057 1192 1094 voto
1221 1065 1320 1094 mu-

202 1137 291 1174 tuo.

253 1208 319 1251 De
355 1205 674 1250 professoribus
714 1204 906 1247 diximus.
971 1202 1216 1246 Academici
1251 1203 1320 1260 ju-

197 1299 332 1329 venes
354 1298 399 1328 se
433 1281 807 1334 commendarunt,
842 1280 957 1337 quod
988 1280 1200 1332 fecerant,
1236 1294 1321 1324 nu-

198 1356 343 1415 mero,
384 1360 601 1413 moribus,
650 1358 812 1402 studiis.
918 1356 1053 1401 Censa
1097 1363 1193 1401 sunt
1234 1356 1319 1400 hoc

200 1452 311 1482 anno
341 1437 552 1494 aliquanto
582 1435 783 1494 pauciora
814 1433 951 1492 capita
979 1448 1104 1489 quam
1121 1431 1318 1490 superio-

199 1515 263 1567 ri,
295 1529 436 1558 verum
466 1512 680 1570 adscripta
709 1518 805 1555 sunt
834 1519 1013 1567 quatuor
1034 1511 1142 1553 ultra
1173 1517 1318 1553 cente-

199 1594 359 1637 simum.
423 1592 653 1648 Perruptae
681 1589 924 1647 disciplinae
950 1587 1216 1645 academicae
1237 1601 1318 1630 ne-

199 1683 281 1726 que
308 1681 453 1711 rumor
483 1667 537 1709 ad
569 1681 648 1710 uos
683 1665 817 1717 venit,
849 1679 982 1720 neque
1015 1664 1205 1720 querela,
1236 1677 1317 1707 ne-

196 1760 277 1802 que
317 1743 542 1789 accusatio.
603 1744 693 1786 Imo
722 1742 861 1786 omnia
892 1741 1045 1785 decora
1076 1748 1201 1798 atque
1237 1741 1315 1784 de-

198 1823 376 1866 center.>
415 1820 678 1864 Novitiorum
705 1818 868 1862 vexatio
893 1815 1095 1861 damnosa
1123 1817 1313 1874 quidem,

197 1901 271 1943 sed
301 1898 532 1958 partiaria,
565 1905 605 1941 et
644 1904 835 1955 tempore
877 1895 1119 1940 emm-itura.
1209 1894 1314 1939 Stu-

196 1976 360 2020 diorum
396 1975 601 2032 quaedam
639 1974 805 2032 cgregia
837 1973 1086 2031 prodierunt
1111 1970 1312 2030 specimi-

196 2068 278 2106 na,
309 2067 442 2109 neque
470 2052 637 2096 scholas
674 2052 774 2094 ullas
811 2051 1030 2094 damnatas
1067 2048 1194 2092 fuisse
1231 2048 1312 2092 hoc

198 2139 334 2182 anno,
368 2129 606 2173 audivimus.
643 2130 790 2185 itaque
817 2129 925 2172 laeta
955 2141 1122 2185 quoque
1153 2127 1206 2170 ab
1231 2126 1312 2170 hac

196 2197 317 2265 parte
360 2206 498 2249 onmia
542 2206 755 2258 (ficamus,
811 2205 854 2248 ni
891 2219 1003 2249 mors
1043 2205 1309 2249 interfuisset.
