1487 2625
700 476 734 559 §.⁴
777 523 811 549 1.

301 638 359 675 De
388 637 580 675 Socrate
605 638 750 689 ejusque
772 636 999 688 philosophia
1026 638 1208 676 universe.

250 780 352 855 Qui
388 811 471 840 ante
505 801 750 840 Socratem
783 800 935 840 fuerunt
957 802 1204 851 philosophi,
1240 801 1310 842 rite

198 873 373 911 dicuntur
412 871 624 920 Physici.
677 872 799 918 Nam,
837 883 919 909 cum
957 871 1199 921 philosophia
1233 872 1313 920 sit,

198 944 301 990 quod
325 944 369 981 ad
393 953 558 981 naturam
585 954 712 989 suam,
739 941 901 980 studium
929 945 1113 990 unitatis,
1141 942 1310 982 studium

196 1014 470 1052 multitudinem
494 1013 651 1060 aliquam
674 1012 745 1050 sub
768 1023 844 1049 uno
868 1024 1013 1050 summo
1027 1012 1308 1062 «subjungendi,

197 1092 233 1121 et
251 1084 301 1121 ita
323 1085 369 1122 ad
395 1085 571 1121 unitatem
597 1083 814 1131 redigendi3
844 1082 895 1120 illi
921 1082 1139 1131 philosophi
1161 1082 1199 1119 id
1227 1072 1317 1130 age·¹

197 1154 316 1201 bant,
364 1164 404 1191 ut
440 1154 563 1190 omnia
593 1164 662 1200 ea,
710 1164 804 1199 quae
835 1152 872 1189 in
911 1163 1030 1189 rerum
1060 1161 1191 1189 natura
1228 1158 1309 1188 tum

196 1224 468 1269 observabant,
498 1231 578 1260 tum
600 1233 644 1259 ex
665 1221 859 1259 effectibus
877 1221 1006 1258 adesse
1022 1220 1310 1268 concludebant,

194 1296 239 1332 ad
263 1306 377 1332 unum
407 1293 590 1340 quoddam
613 1301 774 1340 systema
802 1291 1040 1337 reducerent,
1081 1297 1117 1327 et
1160 1291 1311 1329 univer-

193 1376 272 1402 sum
299 1364 477 1412 aliquod,
507 1362 629 1399 omnia
653 1362 714 1399 illa
738 1362 991 1409 complectens
1011 1388 1024 1407 ,
1066 1358 1138 1397 sibi
1163 1371 1308 1409 reprae-

193 1442 392 1472 sentarent.
445 1433 528 1471 Nec
553 1432 683 1470 mirum
700 1460 713 1479 ,
740 1443 805 1468 eos
831 1431 902 1468 huc
930 1430 1050 1479 primo
1077 1429 1308 1469 convertisse

193 1503 329 1542 mentis
363 1503 509 1540 oculos.
585 1502 683 1540 Nam
725 1501 946 1539 exstiterunt
985 1501 1184 1548 deinceps,
1241 1500 1307 1547 qui

193 1574 385 1611 hominum
425 1573 576 1619 studia,
617 1572 798 1618 consilia,
839 1571 1003 1609 actiones
1046 1571 1090 1608 ad
1127 1570 1305 1608 unitatem

193 1643 426 1697 redigerent,
467 1643 582 1680 verbo
599 1671 612 1689 ,
656 1642 721 1689 qui
755 1644 799 1680 de
825 1642 932 1680 rebus
958 1641 1157 1679 moralibus
1183 1640 1307 1689 philo-

193 1714 472 1761 sopharentur3
502 1713 566 1750 sed
583 1713 655 1750 hoc
682 1721 757 1749 tum
782 1714 927 1750 demum
949 1712 1192 1759 factumest,
1218 1723 1303 1749 cum

193 1796 260 1832 per
294 1784 473 1832 temporis
509 1785 686 1821 rationem
709 1784 799 1820 tales
826 1782 1108 1829 disquisitiones
1130 1792 1303 1820 necessa-

193 1856 265 1893 riae
293 1854 409 1892 factae
431 1862 579 1892 essent:
617 1854 780 1890 nondum
809 1863 929 1890 autem
954 1852 1178 1890 necessariae
1201 1860 1304 1889 erant

192 1925 257 1961 illo
285 1936 403 1971 aevo,
439 1936 514 1971 quo
541 1924 720 1962 florebant
742 1923 961 1972 philosophi
987 1923 1148 1973 Physici.
1205 1922 1301 1960 Nam

193 2003 270 2030 tum
296 2006 354 2032 res
370 1995 560 2031 hominum
589 1996 744 2032 morales
773 1995 946 2042 regebant
976 1994 1108 2042 partim
1135 2004 1302 2031 commu-

194 2064 252 2100 nis
280 2065 415 2111 patriae
441 2075 571 2110 amor,
599 2065 729 2111 partim
756 2065 886 2111 religio
909 2076 928 2102 a
952 2063 1115 2112 patribus
1136 2071 1298 2111 accepta.

194 2135 308 2173 Porro
335 2135 421 2172 haec
447 2146 557 2180 esse,
582 2136 679 2182 apud
707 2135 875 2181 singulos
908 2133 1076 2172 homines
1114 2144 1150 2172 et
1178 2134 1215 2171 in
1241 2144 1301 2181 ge·

192 2214 279 2241 nere
293 2204 455 2241 humano
471 2233 484 2250 ,
505 2205 716 2252 progressio
740 2205 859 2251 solet,
888 2213 929 2240 nt
941 2205 1097 2251 primum
1113 2215 1169 2240 res
1185 2211 1302 2240 exter-

194 2283 260 2310 nae
296 2273 457 2310 hominis
490 2285 624 2311 sensus
661 2274 816 2311 afficiant
850 2273 1149 2321 phamas-iamque
1176 2284 1302 2310 move-

1211 2352 1299 2389 ant,
