1487 2625
227 163 278 201 62
451 155 1112 197 COMMENTATIO

227 269 377 316 rebant,
404 267 578 306 cohaesio
603 275 677 304 erat
697 267 811 315 maJ’or
845 274 880 304 et
910 266 1082 314 siccitas,
1108 268 1213 306 color
1241 280 1330 308 vero

225 340 337 379 solito
364 336 533 387 pallidior
558 336 644 385 (1).
1328 326 1331 332 ¹

273 408 334 448 Pf
343 419 362 446 a
375 407 394 445 f
403 406 423 445 f
444 406 482 445 in
512 406 676 444 examine
701 405 793 443 alius
822 405 1007 444 cadaveris
1031 407 1192 446 hominis
1213 407 1330 448 Arse-

222 478 308 517 nico
330 476 497 516 defuncti
518 504 531 523 ,
560 475 626 524 qui
648 485 732 514 ante
770 487 813 524 19
835 475 913 514 dies
945 475 1065 516 fuerat
1091 486 1262 518 mortuus
1289 488 1329 519 et

221 559 287 598 per
304 557 351 595 15
375 546 455 585 dies
477 555 592 585 terrae
609 547 800 585 mandatus
812 573 824 593 ,
838 545 981 584 nullum
1006 546 1149 585 invenit
1160 549 1328 596 putredi-

220 617 279 656 nis
299 616 501 666 vestigium
525 616 611 667 (2).

265 685 471 726 Deficiebat
502 687 621 725 eadem
662 684 739 724 fere
761 684 902 724 ratione
929 685 1086 734 putredo
1114 686 1153 724 in
1173 686 1327 727 cadave-

215 756 656 805 ribusaMetzgero
676 764 713 794 et
733 754 1090 794 Christisono
1109 756 1326 796 examinatis

213 834 327 875 atque
369 836 453 866 ante
484 835 558 865 tres
598 824 844 864 hebdomades
884 833 1001 863 terrae
1029 826 1188 875 sepultis
1226 827 1323 876 (3);

212 897 341 946 prouti
369 906 405 935 et
434 897 473 935 in
506 896 722 943 intestinis,
759 906 918 944 quorum
942 906 1091 934 examen
1120 896 1326 935 retulerunt

212 967 474 1007 Monheim
506 976 543 1006 et
571 966 837 1006 Sartorius
869 965 940 1014 (4)
969 973 1081 1012 atque
1105 964 1145 1004 in
1170 967 1325 1005 cadave-

212 1049 252 1077 re
271 1038 453 1078 Arsenico
474 1036 657 1086 peremti,
676 1037 779 1084 quod
803 1044 886 1075 ante
915 1036 1011 1075 duos
1042 1047 1187 1075 menses
1207 1044 1245 1075 et
1268 1037 1325 1076 di-

211 1107 363 1147 midium
387 1115 503 1145 terrae
525 1107 647 1145 fuerat
673 1107 882 1145 mandatum
908 1104 992 1155 (5).

261 1177 378 1216 Aliud
408 1177 552 1214 tandem
585 1176 791 1224 exemplum
809 1204 822 1223 ‚
848 1176 960 1224 idque
995 1183 1127 1214 notatu
1151 1175 1325 1224 dignissi-

209 1258 309 1287 mum
330 1247 439 1285 tradit
465 1247 493 1284 B
507 1258 527 1285 a
540 1258 559 1284 c
576 1246 602 1284 h
616 1257 651 1283 m
665 1257 685 1284 a
697 1256 721 1284 n
734 1255 774 1284 n.
828 1244 1015 1284 Cadavera
1031 1245 1099 1284 tria
1113 1272 1126 1292 ,
1147 1257 1241 1294 quae
1258 1257 1322 1285 an-

210 1328 247 1356 te
278 1329 326 1366 5,
353 1320 390 1357 6.
414 1326 451 1355 et
477 1329 522 1365 14
558 1327 702 1355 menses
730 1324 831 1354 erant
856 1315 1003 1364 sepulta
1035 1314 1319 1355 effodiebantur.

206 1388 332 1426 Partes
367 1396 536 1426 externae
569 1387 723 1435 proprio
755 1396 868 1424 sensu
898 1395 976 1423 non
1010 1393 1112 1424 erant
1135 1385 1320 1434 putrefac-

209 1466 289 1501 tae,
329 1465 366 1495 at
393 1457 584 1496 induratae
619 1466 657 1494 et
682 1455 985 1505 inadipoceram
1021 1463 1197 1494 mutatae.
1249 1456 1324 1494 Le·

207 1526 292 1565 vior
318 1528 440 1565 aderat
472 1527 511 1564 in
542 1526 825 1573 duobus,quae
864 1525 976 1564 tertio
1009 1525 1151 1564 diutius
1174 1525 1320 1576 legibus

207 1597 375 1646 physicis
400 1597 606 1645 parebant,
633 1596 832 1636 ventriculi
863 1595 1201 1645 intestinorumque
1239 1608 1323 1635 cor·

1232 1677 1323 1716 rup-

244 1743 296 1784 (1)
320 1743 553 1780 Hufeland,
574 1745 692 1774 Journ.
712 1742 809 1778 xlx.
837 1742 890 1776 st.
907 1742 970 1774 IX.
998 1752 1031 1782 p.
1055 1751 1208 1784 xro-117.
1221 1742 1317 1780 Tom-

208 1797 326 1828 XXII.
353 1797 402 1828 St.
432 1798 460 1827 1.
483 1797 636 1838 166-169·

247 1853 294 1892 (2)
319 1853 423 1882 Nord.
447 1852 549 1883 Arch.
565 1852 630 1893 fiir
655 1850 799 1881 Naturk.
832 1851 878 1881 A·
905 1852 959 1882 W
986 1850 1015 1880 Ι.
1050 1862 1095 1873 ⁸·—
1119 1851 1172 1882 Cf.
1208 1849 1264 1880 He
1276 1860 1319 1879 n-

207 1904 229 1934 k
243 1916 259 1935 e
275 1927 285 1942 ,
312 1904 335 1933 l.
359 1915 388 1935 c.

242 1959 299 1999 (3)
319 1958 380 1989 Me
395 1963 512 1998 tzger
530 1978 540 1994 ‚
584 1958 623 1987 de
664 1956 831 1996 Veneficio
871 1961 967 1986 caute
1006 1956 1229 1995 dijudicando.
1279 1957 1317 1985 In

202 2012 448 2051 Schlegel,
464 2009 657 2051 Opusc.IV.
673 2010 781 2041 23.--
804 2008 1116 2046 christison,
1137 2009 1170 2037 in
1196 2007 1315 2038 Edinb.

203 2065 526 2106 medico-chirurgia
540 2068 720 2094 transcact.
732 2063 780 2094 ΙΙ.
792 2061 865 2094 284.
885 2075 922 2084 ·-
935 2060 988 2091 Cf.
1002 2061 1028 2091 C
1042 2060 1064 2090 h
1077 2071 1093 2091 r
1107 2061 1145 2091 is
1160 2060 1223 2092 tis
1236 2071 1254 2091 o
1267 2071 1288 2091 n
1307 2082 1318 2099 ,

200 2119 225 2150 1.
247 2129 276 2149 c.
307 2129 339 2157 p.
366 2119 436 2150 561,

239 2172 292 2211 (4)
317 2172 338 2201 1.
364 2182 393 2201 c.
415 2182 445 2209 p.
469 2171 521 2201 25.
541 2169 670 2209 passim.
701 2168 740 2197 ad
765 2179 798 2208 p.
827 2179 877 2209 29.

245 2225 293 2265 (5)
321 2227 455 2254 Gazette
480 2225 535 2253 (les
562 2223 758 2254 Trz'hzmaux
770 2244 779 2260 ,
812 2231 848 2262 19
872 2221 940 2253 Mai
967 2223 1057 2262 1829·
