1487 2625
219 144 312 201 136*
436 147 1106 187 COMMENTATIO

219 260 376 297 rimento
415 258 612 306 producto.
678 257 721 294 In
757 268 863 304 quem
904 258 1013 296 finem
1047 257 1158 296 fluida
1193 268 1330 306 evapo-

221 339 347 366 rentur
364 356 376 374 ‚
403 325 636 364 destinentur
661 334 773 373 atque
797 326 979 364 residuum
1008 338 1128 374 usque
1153 327 1197 364 ad
1215 327 1333 364 levio-

224 407 299 434 rem
332 394 658 432 incandescentiam
690 394 766 441 igni
802 404 1020 442 exponatur.
1090 396 1170 433 Hoc
1213 397 1336 433 solva·

225 474 287 503 tur
323 464 359 502 in
396 474 490 511 aqua
535 463 741 512 destillata3
796 472 983 502 saturetur
1026 476 1109 502 cum
1157 465 1307 504 Potassa
1324 492 1338 512 ,

226 535 381 583 eJ‘usque
415 543 488 572 una
517 545 599 582 pars
634 533 858 583 reagentium
888 546 960 582 ope
986 536 1226 584 exploretur3
1252 536 1340 574 alte-

227 615 265 642 ra
295 614 408 650 vero,
436 604 482 642 ad
505 604 748 652 posteriorem
785 604 950 642 methodi
973 613 1112 653 partem
1131 634 1145 653 ‚
1170 617 1237 654 per
1264 616 1345 644 ace·

227 681 338 710 tatem
354 672 501 710 Plumbi
529 673 817 722 praecipitetur,
845 674 932 711 dum
955 686 1000 712 ex
1014 674 1205 713 arseniatis
1222 674 1345 713 Plum-

229 742 269 795 bi
309 742 539 792 praecipitati
573 743 801 791 quantitate,
854 744 986 783 veneni
1029 745 1228 794 proportio
1264 753 1346 782 tan-

231 813 312 851 dem
347 813 610 851 determinetur
638 815 722 862 (1).

283 883 385 921 Haec
416 891 536 921 tamen
567 883 791 930 methodus,
818 896 902 921 cum
926 885 1031 922 valde
1055 886 1104 923 sit
1130 885 1347 933 complicata

234 962 358 999 neque
399 951 643 990 sensibilitate
675 952 830 1001 gaudeat
854 953 986 991 ceteris
1029 954 1193 1003 majore,
1220 952 1349 991 cedere

233 1021 367 1060 debere
389 1022 478 1059 mihi
499 1022 643 1060 videtur
665 1021 742 1070 illi,
761 1035 868 1070 quam
891 1022 1163 1061 commendavit
1183 1023 1349 1062 Chris·

237 1091 398 1139 tison‚
426 1092 555 1130 sensili
581 1092 931 1140 simplicissimaque
958 1092 1084 1131 simul.

288 1164 346 1200 60.
375 1162 544 1200 Orfila
570 1162 740 1210 sequenti
770 1162 912 1201 ratione
939 1162 1120 1211 procedit.
1175 1161 1216 1200 Si
1239 1162 1353 1200 Arse·-

236 1232 362 1271 nicum
392 1232 589 1270 ventriculi
612 1232 815 1279 parietibus
852 1233 1051 1279 adhaeret,
1078 1232 1138 1269 ille
1176 1230 1354 1269 dividitur

239 1311 351 1350 atque
388 1314 472 1339 cum
514 1313 632 1349 aquae
675 1303 840 1349 pondere
881 1302 1002 1339 decies
1053 1302 1112 1339 vel
1152 1300 1352 1339 duodecies

242 1372 382 1419 majore
417 1372 608 1419 coquitur.
663 1371 811 1419 Liquor
834 1379 939 1409 antea
960 1383 1026 1419 per
1050 1372 1210 1409 chartam
1236 1381 1354 1408 trans-

243 1441 404 1487 missus,
437 1453 512 1489 ope
533 1440 627 1478 acidi
662 1440 992 1489 hydrosulphurici
1018 1448 1054 1477 et
1078 1438 1353 1488 hydrochlorici

244 1510 403 1549 examini
426 1510 673 1548 submittitur.
727 1511 766 1548 Si
792 1511 1049 1558 sulphuretum
1079 1519 1253 1557 praeceps
1278 1519 1357 1546 non

243 1589 301 1618 eat
316 1608 328 1626 ,
353 1589 388 1618 at
408 1589 549 1618 tantum
567 1582 671 1618 color
682 1580 800 1618 flavus
824 1587 1022 1627 appareat,
1038 1580 1202 1627 liquores
1218 1578 1263 1616 ad
1283 1589 1358 1617 ma-

246 1650 357 1687 teriae
389 1650 553 1688 animalis
591 1661 777 1689 secessum
811 1658 1029 1697 coquuntur
1060 1661 1142 1687 cum
1171 1649 1277 1687 acido
1303 1649 1359 1686 ni-

246 1721 341 1757 trico
358 1747 370 1766 ‚
402 1720 504 1768 quod
528 1731 593 1767 per
619 1721 807 1759 Potassam
840 1728 903 1758 aut
936 1719 1098 1768 ejusdem
1125 1719 1358 1757 carbonatem

247 1797 432 1827 saturatur
457 1789 646 1837 deinceps.
699 1789 933 1837 Liquoribus
969 1801 1069 1828 nunc
1105 1789 1251 1828 additur
1287 1788 1361 1826 aci-

248 1860 335 1896 dum
374 1859 753 1908 hydrosulphuricum
796 1869 832 1898 et
867 1872 974 1908 parca
1008 1859 1102 1898 acidi
1137 1860 1363 1908 hydrochlo·

249 1928 315 1965 rici
339 1929 524 1976 quantitas
541 1957 554 1976 ,
584 1940 659 1976 quo
687 1929 751 1967 fiet
775 1938 816 1967 ut
829 1930 999 1968 Arsenici
1026 1929 1288 1977 sulphuretum
1305 1940 1363 1966 se-

248 2009 421 2047 paretur,
451 2000 552 2046 quod
568 2028 580 2047 ‚
605 2011 668 2047 per
693 1999 928 2037 filtrationem
956 2000 1130 2047 deinceps
1153 2000 1362 2048 sejtlnctum

248 2079 359 2116 atque
385 2081 450 2117 per
470 2081 599 2117 aquam
627 2072 796 2117 elutum,
819 2056 1036 2108 Ammoniae
1067 2081 1138 2117 ope
1172 2068 1332 2106 solvitur
1348 2096 1362 2115 ‚

1322 2150 1368 2177 su

290 2222 341 2260 (1)
369 2220 389 2250 l.
413 2232 428 2250 c
463 2232 565 2261 1‘·7¹·

1482 839 1487 911 ἑ

1483 939 1487 1016 l

1483 1018 1487 1060 l

1484 1063 1487 1124 l

1485 1125 1487 1165 l
