1487 2625
218 179 268 224 96
445 172 1113 214 COMMENTATIO

223 284 283 322 tit.
337 285 494 331 Insuper
513 282 769 320 confirmatum
801 283 905 330 vidi,
932 284 1238 330 quemadmodum
1261 284 1334 334 jam

221 353 396 391 indicavit
422 353 449 389 B
464 353 474 389 i
489 364 506 389 s
520 364 536 389 s
551 364 570 389 c
585 353 608 389 h
623 364 645 389 o
661 352 682 389 f
704 351 802 402 (1),
830 353 1098 401 Sulphuretum
1113 354 1260 393 Cadmii
1271 365 1338 393 co-

223 425 301 461 lore
354 423 447 470 tingi
499 422 742 459 viridescente
784 433 828 459 ex
867 422 1069 461 Ammonio
1114 423 1336 472 sulphurato

223 494 256 531 ei
293 495 479 540 admixto,
508 494 678 540 quamvis
714 493 805 530 illud
832 494 930 530 lente
949 493 1146 532 admodum
1171 492 1339 542 perficia-

222 574 284 602 tur
308 573 420 611 atque
447 563 485 600 in
510 562 618 600 initio
647 563 710 600 vix
737 563 926 600 observari
953 562 1090 611 possit.

271 632 438 671 Tandem
455 632 598 671 Cadmii
625 632 892 680 Sulphuretum
919 631 964 669 ab
983 631 1087 670 acido
1108 632 1337 681 hydrochlo·

220 705 298 742 rico
325 703 508 751 solvitur,
535 701 708 741 Arsenici
734 713 823 740 vero
851 712 928 740 non
954 702 1058 740 item.

266 774 311 821 Si
335 782 457 811 autem
485 773 631 812 Cadmii
664 772 848 820 quantitas
874 771 1057 810 Arsenico
1086 771 1206 810 multo
1239 779 1339 810 esset

221 844 364 894 major,
391 843 659 892 Sulphuretum
688 842 859 881 Arsenici
882 854 967 881 cum
990 843 1149 882 Cadmio
1180 842 1340 892 sulphu-

221 923 300 966 rato
330 925 505 962 praeceps
547 912 660 951 simul
696 913 958 951 dimitteretur.
1023 913 1131 962 Quae
1162 924 1253 951 vero
1281 923 1340 951 re·

220 995 301 1022 rum
323 984 490 1022 conditio
517 983 633 1021 rarius
658 981 831 1032 profecto
850 983 888 1021 in
910 982 1013 1031 praxi
1037 983 1226 1031 occurrit,
1251 993 1337 1021 cum

219 1063 406 1101 praeterea
428 1054 697 1101 Sulphuretum
723 1053 895 1091 Arsenici
929 1052 1150 1091 Ammoniae
1186 1063 1260 1101 ope
1290 1052 1336 1090 ab

218 1119 287 1160 illo
320 1121 480 1169 separari
513 1122 638 1170 possit
671 1130 783 1169 atque
821 1133 886 1170 per
921 1122 1065 1160 acidum
1110 1122 1340 1170 hydrochlo-

221 1191 338 1229 ricum
367 1203 411 1230 ex
437 1191 504 1230 hac
532 1192 655 1229 denuo
691 1192 854 1241 sejungi.

271 1262 409 1311 Neque
431 1263 612 1311 reagentis
637 1262 774 1300 laudati
799 1261 957 1300 efficacia
981 1261 1215 1300 imminuitur
1231 1272 1338 1311 prae-

220 1332 398 1381 cipitato‚
452 1334 554 1381 quod
594 1332 632 1370 in
663 1333 752 1371 salia
790 1331 1000 1370 Antimonii
1037 1333 1161 1370 soluta
1200 1332 1337 1371 excitat

221 1410 334 1450 atque
370 1403 497 1440 colore
531 1401 743 1447 arausiaco‚
798 1401 1015 1450 neutiquam
1046 1413 1135 1440 vero
1174 1402 1336 1450 citrino,

220 1472 427 1519 praeditum
454 1481 508 1510 est
524 1500 536 1518 ‚
570 1472 696 1520 prouti
728 1472 1082 1511 Hahnemanus
1102 1473 1175 1522 J'am
1199 1473 1336 1512 indica·

222 1543 277 1580 vit
317 1542 412 1591 (2),
464 1542 852 1589 confirmaveruntque
896 1542 1069 1591 deinceps
1115 1542 1268 1581 Chris
1282 1543 1337 1581 ti·

221 1623 312 1649 son
341 1611 410 1659 (3)
435 1621 472 1649 et
499 1612 705 1650 Turner
733 1613 818 1660 (4).

272 1682 454 1731 Quamvis
491 1682 616 1729 itaque
646 1682 817 1719 Arsenici
857 1682 1126 1730 Sulphuretum
1171 1682 1334 1733 reagenti

222 1761 353 1791 nostro
386 1753 608 1800 productum
628 1780 640 1799 ‚
667 1752 710 1789 ab
739 1751 911 1790 omnibus
942 1751 1022 1789 aliis
1060 1751 1093 1790 ei
1124 1752 1240 1801 magis
1267 1751 1337 1790 mi·

223 1834 343 1861 nusve
378 1822 562 1860 similibus
601 1822 769 1870 dignosci
811 1822 935 1870 possit
972 1830 1085 1870 atque
1127 1821 1334 1871 segregari,

225 1894 367 1934 acidum
407 1902 527 1931 tamen
567 1893 807 1932 arsenicicum
844 1893 1001 1943 ejusque
1033 1893 1128 1931 sales
1154 1892 1334 1930 solubiles

1208 1962 1334 2000 eadem

265 2064 317 2103 (ι)
339 2063 364 2094 Β
379 2062 492 2094 rand
507 2073 545 2093 es
562 2084 572 2101 ,
595 2061 739 2098 Archiv,
764 2061 855 2093 1826·
879 2059 938 2091 Bd.
961 2057 1081 2090 xvn.
1100 2068 1133 2097 p.
1154 2057 1226 2089 241·

265 2119 319 2154 (τι)
340 2118 363 2147 l.
385 2128 412 2147 e.
438 2128 471 2156 p.
492 2116 564 2149 241.
587 2118 614 2154 §-
637 2116 712 2147 431.

268 2171 316 2209 (3)
340 2171 364 2200 l.
388 2181 417 2200 c.
439 2181 471 2209 p.
492 2169 565 2200 265.

268 2224 316 2264 (4)
342 2223 464 2254 Edinb.
499 2223 614 2252 medic.
655 2223 723 2252 and
761 2221 884 2261 surg-ic.
916 2221 1037 2251 Journ·
1073 2216 1243 2250 XXVIII.
1285 2217 1338 2258 73·

229 2277 280 2308 Cf.
304 2276 619 2312 Christisou,
643 2275 726 2305 ibid.
