1487 2625
221 184 271 220 42
443 164 1107 208 COMMENTATIO

710 295 745 340 ἕ.
780 305 838 330 12.

272 416 591 461 observationes,
623 425 717 462 quae
757 411 926 450 veneficii
953 419 1202 459 symptomata
1227 410 1330 448 exhi·

221 491 334 534 bem,
372 490 404 525 si
436 487 526 524 aliae
559 485 771 531 cuicunque
806 483 903 520 cutis
930 482 1072 530 regioni
1101 480 1328 529 applicatum

220 559 334 598 fuerit
373 556 622 603 Arsenicum‚
663 556 785 592 eadem
822 553 956 591 iterum
992 551 1133 589 ratione
1173 559 1336 599 possunt

219 628 378 678 dispesci
414 639 455 666 ac
491 628 551 665 illa
567 654 580 674 ‚
618 636 712 673 quae
736 625 774 662 in
798 624 845 662 iis
871 622 1039 661 historiis
1057 650 1069 669 ‚
1098 621 1236 669 quibus
1261 621 1336 660 Ar·

218 700 384 739 senicum
411 697 618 736 ventriculo
643 695 754 733 fuerit
782 695 994 742 ingestum,
1030 700 1247 730 occurrunt.

268 769 476 818 Sequentes
497 761 624 815 itaque
644 765 921 803 observationes
947 764 992 801 ad
1018 763 1098 800 illas
1119 763 1333 811 pertinent,

217 839 257 878 in
272 839 408 888 quibus
423 839 528 887 signa
541 834 815 875 inflammatoria
828 845 913 882 prae
924 833 1056 871 ceteris
1071 841 1173 870 erant
1185 832 1339 881 conspi-

216 922 300 949 cua.
341 909 455 948 Doct.
470 909 537 946 Ro
552 920 574 945 u
586 919 612 945 x
629 906 786 955 puellam
802 903 1016 942 observavit
1033 931 1046 950 ‚
1067 900 1336 951 cataplasmatis

216 979 428 1018 arsenicalis
454 977 726 1026 applicatione,
761 974 855 1012 intra
891 974 987 1012 duos
1014 973 1093 1011 dies
1120 981 1304 1010 mortuam
1322 998 1336 1019 ‚

216 1058 320 1088 antea
346 1049 463 1087 colica
493 1046 701 1086 vehementi
735 1054 771 1083 et
807 1044 952 1083 vomitu
985 1043 1118 1081 iterato
1150 1041 1334 1081 affectam.

217 1119 384 1157 Habitus
421 1117 551 1156 subito
583 1116 803 1154 cernebatur
844 1114 1124 1162 decompositus
1163 1121 1200 1150 et
1234 1121 1332 1151 atro-

215 1189 376 1229 cissimis
404 1188 631 1226 laboraverat
654 1197 760 1234 aegra
784 1184 1100 1233 symptomatibus
1126 1183 1209 1231 (1).

268 1260 438 1308 Sequens
460 1258 666 1305 exemplum
691 1255 817 1294 retulit
843 1253 934 1291 Orf
941 1254 1014 1290 ila.
1082 1252 1337 1291 Circumfora·

217 1341 309 1368 neus
349 1328 492 1374 ulceri,
523 1328 626 1375 quod
661 1334 737 1364 erat
776 1324 893 1362 cruris
923 1323 1018 1372 parti
1046 1322 1237 1369 inferiori‚
1268 1334 1334 1372 ap-

216 1402 413 1449 plicaverat
444 1397 662 1437 Arsenicum
691 1397 830 1434 album.
886 1394 1125 1433 Atrocissimi
1152 1404 1334 1442 superve-

215 1471 365 1509 niebant
397 1470 574 1516 dolores,
611 1475 701 1516 post
737 1466 881 1512 aliquot
917 1466 1030 1502 horas
1064 1464 1332 1502 intolerabiles.

215 1539 395 1588 Sequenti
419 1540 478 1576 die
505 1536 776 1586 corripiebatur
807 1534 979 1582 vomitu,
1018 1534 1213 1571 doloribus
1241 1534 1335 1571 coli-

215 1611 269 1648 cis
306 1619 341 1647 et
372 1608 545 1658 epistaxi.
598 1606 752 1654 Corpus
781 1605 932 1642 maculis
960 1603 1084 1643 rubris
1108 1605 1329 1653 tegebatur,

215 1690 442 1727 sursumque
470 1687 506 1716 et
541 1678 715 1715 deorsum
754 1674 936 1712 materiam
973 1674 1159 1724 rejiciebat
1198 1684 1332 1713 cruen-

216 1759 317 1797 tam,
359 1749 490 1787 deinde
526 1747 780 1796 nigricantem.
852 1745 978 1784 Animi
1008 1745 1169 1792 deliquia
1206 1755 1334 1783 cerne-

216 1822 352 1859 bantur
383 1818 589 1865 continua,
629 1826 664 1854 et
696 1816 754 1854 die
788 1818 920 1864 quinto
965 1816 1091 1864 lingua
1121 1824 1197 1853 erat
1234 1815 1331 1853 sicca

215 1901 251 1929 et
289 1892 417 1938 nigra,
455 1889 543 1926 dum
583 1887 824 1936 ecchymoses
873 1887 1025 1924 cundem
1074 1895 1333 1924 contraxerant

214 1962 393 1998 colorem.
447 1959 608 2007 Agilitas
642 1968 719 1996 erat
745 1969 874 2006 magna
911 1957 1041 1995 delirio
1082 1958 1236 2006 juncta,
1265 1957 1330 1993 do-

213 2031 311 2068 lores
339 2030 592 2068 increscebant
616 2038 653 2066 et
676 2028 734 2066 die
758 2029 900 2066 decimo
924 2038 1030 2066 sexto
1057 2027 1211 2065 animam
1237 2026 1331 2064 effla-

213 2100 269 2138 vit
294 2099 377 2148 (2).
1211 2125 1213 2129 ,

1262 2165 1330 2203 Se·
1369 2149 1371 2155 ⁴

210 2233 281 2274 ffll)
299 2233 404 2262 Elem·
415 2232 582 2262 deMe'dic.
597 2232 798 2271 operatoire.
812 2230 863 2262 Cf.
874 2229 930 2262 Ch
941 2230 999 2261 ris
1011 2229 1132 2261 tison.
1142 2229 1163 2260 1.
1176 2240 1200 2260 c,
1216 2238 1248 2268 p.
1260 2228 1330 2261 326.

235 2286 442 2328 (nor-sila
461 2286 520 2325 ,1.
544 2296 571 2315 c.
595 2296 627 2323 p.
650 2283 720 2324 595.
