1487 2625
250 186 271 210 2
467 167 1120 209 COMMENTATto

258 281 354 318 Haec
393 278 464 315 olei
500 276 679 324 separatio
716 275 840 312 haberi
876 284 999 322 potest
1028 277 1174 323 sequela
1201 273 1348 323 majoris

255 346 474 391 densitatis,
514 356 622 393 quan]
663 343 807 382 acidum
843 344 1023 394 liquidum
1061 345 1247 381 solutione
1274 344 1352 381 sul-

256 417 377 465 phatis
411 416 521 452 sodae
556 413 770 461 acquisivit.
829 412 988 459 Oleum,
1023 413 1075 450 sic
1101 413 1351 460 acquisitum,

257 497 322 534 per
357 484 508 522 biduum
547 483 639 521 aeris
676 483 828 520 minoris
864 472 1128 530 temperatutae
1165 482 1353 520 contactui

253 564 481 602 exponatur,
504 564 579 600 quo
600 552 785 590 excutitur
810 561 1050 599 supernatans
1073 551 1215 589 acidum
1242 562 1355 599 pyro-

254 626 466 673 lignosum,
504 624 605 670 quod
631 635 650 659 a
677 621 820 669 reliquo
846 620 989 669 liquido
1016 621 1252 668 separandum
1280 629 1352 659 est.

253 694 296 731 In
323 693 439 730 fundo
467 692 671 730 formantur
694 692 796 740 plura
822 692 992 740 crystalla
1013 690 1193 738 sulphatis
1217 691 1353 737 sodae,

257 775 349 810 quae
375 763 595 810 percolando
623 774 686 810 per
711 762 862 798 linteum
891 771 978 798 sunt
1004 761 1215 808 separanda.
1266 761 1355 799 Ole-

254 844 313 870 um
331 833 525 871 misceatur
539 832 676 869 tamdiu
691 842 775 868 cum
792 831 986 869 carbonate'
1006 839 1176 879 potassae
1190 859 1204 878 ‚
1226 842 1355 878 quam-

254 904 319 940 diu
345 902 618 941 effervescentia
647 902 796 938 oriatur.
851 901 951 938 Hinc
977 900 1160 939 formatur
1186 900 1352 939 lixivium

255 973 455 1021 (salinum)
482 974 630 1010 acetatis
657 979 854 1019 potassae‚
887 971 989 1016 quod
1015 971 1254 1019 separandum
1283 980 1354 1009 est.

255 1044 517 1082 condensatus
545 1053 632 1078 vero
661 1042 785 1088 liquor
822 1041 973 1078 oleosus
1008 1043 1105 1087 aqud
1134 1040 1353 1078 destilletur.

256 1114 355 1151 Haec
393 1112 557 1160 operatio
593 1111 731 1158 optime
767 1109 976 1147 instituitur
1011 1109 1049 1146 in
1080 1117 1217 1146 retorta
1241 1109 1357 1148 vitrea

255 1195 337 1221 cum
366 1191 491 1220 ventre
517 1181 618 1218 vaide
643 1181 767 1227 inflato
793 1182 879 1229 (1).
934 1180 1018 1217 Hoc
1046 1179 1268 1217 destillatum
1295 1188 1354 1216 est

257 1255 376 1290 oleum
405 1251 626 1300 pellucidum
655 1250 882 1296 flavescens,
923 1250 1026 1296 quod
1051 1249 1143 1287 aeris
1169 1251 1358 1288 contactui

253 1322 463 1370 expositum
503 1322 707 1358 brunneutn
745 1319 878 1366 accipit
918 1320 1078 1356 colorem
1119 1329 1154 1356 et
1196 1330 1353 1367 opacum

255 1393 310 1430 fit.
365 1393 568 1430 Misceatur
603 1392 672 1427 hoc
707 1391 827 1428 oleum
859 1401 942 1426 eum
968 1390 1073 1426 acido
1100 1389 1355 1437 phosphorico
1399 1403 1402 1406 ⁴

254 1463 357 1500 valde
384 1463 502 1499 diluto
518 1490 530 1506 ‚
560 1470 636 1498 tum
664 1471 753 1498 vero
778 1459 872 1497 bene
897 1459 1131 1496 concutiatur
1156 1459 1243 1497 haec
1267 1459 1356 1496 mis-

252 1535 354 1579 cela,
396 1541 431 1569 et
470 1530 692 1578 aliquamdiu
731 1529 802 1567 sibi
841 1529 1080 1575 relinquatur,
1158 1529 1356 1575 Separetut
1416 1551 1419 1554 <

252 1603 335 1640 dein
375 1604 497 1650 liquor
549 1602 673 1638 acidus
712 1600 756 1637 ab
795 1600 907 1644 oleo,
961 1608 995 1635 et
1033 1607 1219 1646 repetatur
1264 1598 1352 1635 haec

251 1672 418 1720 operatio
442 1683 524 1707 curn
546 1670 651 1707 acido
674 1667 929 1717 phosphorico
946 1667 1049 1704 valde
1063 1667 1208 1713 diluto,
1232 1677 1354 1714 eoque

251 1751 415 1779 recenter
442 1749 581 1788 parato.
656 1734 776 1776 Nunc¹
794 1737 886 1775 lotio
914 1736 1071 1784 liquoris
1101 1737 1218 1773 oleosi
1245 1735 1352 1773 insti·

249 1822 374 1849 tuatnr
408 1823 491 1848 cum
530 1821 623 1856 aqua
661 1820 779 1856 pura,
817 1809 933 1844 donec
965 1818 1041 1844 non
1068 1806 1225 1854 amplius
1251 1806 1351 1844 acide

248 1890 396 1929 reagat‚
441 1890 476 1917 et
516 1880 755 1917 admisceatur
793 1886 933 1915 tantum
973 1876 1067 1914 acidi
1108 1875 1350 1925 phosphorici

248 1952 352 1987 valde
380 1949 520 1995 diluti,
547 1958 722 1996 quantum
750 1947 822 1984 olei
849 1947 958 1985 adsit.
1027 1947 1123 1984 Bene
1149 1946 1236 1983 haec
1262 1945 1348 1982 mis-

248 2023 322 2058 cela
349 2020 583 2057 concutiatur
604 2028 713 2065 atque
736 2018 819 2054 dein
843 2017 1073 2062 destinetur,
1097 2016 1146 2052 ita
1172 2015 1318 2063 quidem
1334 2043 1348 2062 ,

249 2099 287 2127 ut
320 2101 413 2137 aqua
450 2088 631 2125 transiens
663 2087 859 2124 identidem
887 2086 924 2123 in
949 2094 1118 2123 retortam
1148 2083 1346 2133 rejiciatur.

1304 2152 1346 2190 In

284 2226 314 2260 (ι
347 2224 410 2262 Εἰ.
438 2222 644 2258 Buchuer,
672 2224 807 2262 Repert.
831 2222 922 2253 1854.
949 2221 1008 2252 ΝΟ.
1025 2222 1093 2250 ι4ο.
1121 2219 1279 2260 pag.275.
