1487 2625
246 232 296 266 '82
469 225 1125 265 COMMENTATIO

244 337 342 372 —tium
377 346 477 372 more
500 335 708 381 neutiquam
735 335 828 371 inter
851 346 890 371 se
913 337 1188 384 consentirent,
1227 338 1292 375 sed
1316 337 1353 374 in

250 407 445 442 sententias
470 406 574 452 plane
600 404 793 451 oppositas
821 404 961 440 abirent
989 405 1072 452 (x).

303 475 361 512 Dii
400 475 541 521 igitur,
579 484 670 520 quae
703 482 776 510 erat
813 473 1025 510 Socratis
1065 474 1273 519 sententia,
1312 486 1351 511 se

185 555 189 559 ·
245 531 352 590 ipsos
390 554 464 579 non
498 542 781 590 conspiciendos
809 541 1010 588 praebent,
1047 543 1162 589 ipsam
1188 551 1350 582 naturam

250 623 350 649 suam
373 623 447 649 non
468 612 714 659 patefaciunt:
744 611 911 648 homines
933 612 1169 649 solummodo
1191 622 1351 660 possunt

243 694 375 719 eorum
403 693 513 729 opera
538 692 711 726 cernere,
752 690 786 716 et
812 693 855 718 ex
878 680 935 718 his
960 680 1118 718 divinam
1146 680 1350 728 potentiam

247 761 285 788 ret
318 752 390 788 vim
418 762 656 799 cognoscere.
691 749 793 786 -Hos
830 749 942 797 igitur
976 750 1105 796 decet,
1147 750 1220 795 iis,
1259 760 1352 797 quae

244 820 310 857 >Dii
355 826 642 861 concesserunt,
689 827 914 864 contentos,
963 829 1039 855 non
1089 818 1273 866 inquirere
1313 818 1351 855 in

242 890 380 937 ipsam
396 898 557 927 naturam
589 889 794 934 Divinam,⁴
822 889 884 925 sed
912 888 1076 925 venerari
1102 888 1250 925 illorum
1281 898 1352 936 po-

249 959 395 995 tentiam
442 967 476 994 et
523 958 811 1003 benignitatem,
851 958 1027 1004 operibus
1067 956 1348 996 manifestatam.

248 1028 321 1077 Qui
350 1028 504 1066 ulterius
532 1028 703 1076 progredi
730 1028 927 1072 nituntur,
969 1027 1108 1075 ingrata
1144 1027 1227 1065 Diis
1261 1026 1351 1064 faci·

245 1105 339 1142 unt,
369 1106 403 1134 et
426 1098 461 1134 in
485 1097 698 1134 dementiam
715 1096 897 1134 incidunt.
928 1097 991 1133 Sol
1007 1108 1092 1141 eos,
1122 1097 1258 1144 quibus
1272 1107 1347 1133 non

247 1167 379 1204 sufficit
405 1167 477 1203 frui
502 1166 619 1213 ipsius
645 1168 764 1202 calore
792 1176 824 1202 et
843 1165 1002 1212 lumine,
1031 1167 1094 1202 sed
1125 1165 1188 1212 qui
1223 1165 1347 1212 ipsum

244 1236 347 1273 illum
368 1235 499 1272 caloris
526 1244 561 1271 et
591 1235 738 1271 luminis
762 1234 898 1271 fontem
925 1245 1144 1282 pernoscere
1167 1243 1347 1272 conantur

245 1313 280 1340 et
316 1306 445 1341 oculos
484 1304 713 1350 impudenter
737 1303 771 1339 in
799 1314 880 1339 eum
908 1302 1110 1349 attollunt,
1151 1304 1343 1341 oculorum

240 1374 316 1422 acie
361 1372 492 1421 privat.
570 1372 709 1409 Eodem
758 1372 867 1408 modo
919 1372 980 1410 Dii
1019 1384 1081 1409 eos
1099 1400 1112 1417 ‚
1165 1373 1230 1420 qui
1267 1383 1343 1410 non

240 1443 404 1479 contenti
455 1449 540 1479 sunt
599 1442 890 1489 contemplandis
937 1442 1139 1490 magnificis
1175 1443 1342 1490 ipsorum

240 1512 443 1560 operibus,
491 1513 553 1549 sed
592 1513 759 1549 audacter
792 1513 941 1549 mentis*
963 1514 1109 1550 oculum
1151 1513 1187 1549 in
1225 1513 1340 1560 ipsam

239 1581 402 1619 Deorum
446 1590 606 1617 naturam
643 1581 833 1626 intimam,
875 1581 910 1617 in
947 1582 1065 1628 ipsum
1097 1582 1215 1619 omnis
1242 1582 1341 1619 illius

238 1642 390 1688 ornatus
445 1651 684 1696 omniumque
729 1651 986 1687 beneficiorum
1037 1650 1176 1688 fontem
1225 1651 1342 1689 inten-

238 1721 353 1765 dunt,
382 1721 560 1756 caecutire
585 1720 721 1757 faciunt
748 1731 781 1756 et
807 1722 982 1757 dementia
1010 1721 1169 1767 puniunt
1197 1720 1281 1770 (2).

234 1840 237 1843 η
288 1790 385 1826 Haec
433 1791 643 1827 Socratis
694 1790 871 1826 sententia
921 1790 1025 1836 plane
1070 1790 1244 1837 opposita
1284 1801 1339 1827 est

233 1859 520 1909 philosophorum
545 1860 770 1908 physicorum
798 1859 978 1895 sentiendi
1005 1859 1151 1896 rationi.
1170 1889 1175 1891 -
1194 1859 1338 1897 Horum
1383 1863 1385 1865 ’

235 1928 292 1964 alii
321 1930 436 1965 Deum
457 1928 624 1964 dicebant
647 1939 726 1964 esse
754 1931 873 1965 adrem
891 1955 902 1973 ‚
933 1928 992 1964 alii
1020 1931 1164 1977 ignem,
1193 1931 1339 1966 Anax-

1234 2008 1337 2044 ago-

275 2066 322 2105 (1)
347 2066 398 2096 Cf.
419 2068 514 2095 Mem.
537 2066 562 2095 1.
587 2076 616 2096 1.
640 2069 656 2106 §
697 2066 818 2095 11-15.

275 2121 321 2159 (2)
348 2120 431 2148 Haec
468 2119 683 2148 memorabilis
717 2120 910 2157 comparatio
958 2118 1092 2147 habetur
1135 2121 1232 2150 Mem.
1272 2119 1333 2151 lV.

230 2172 260 2213 ζ).
284 2173 384 2210 ‚145-
426 2173 585 2203 Convenit
622 2173 680 2201 hoc
719 2183 787 2202 cum
823 2184 883 2206 eo,
923 2172 1006 2210 qnod
1043 2182 1135 2209 supra
1171 2172 1334 2209 vidimus,

231 2235 246 2252 a
274 2226 449 2255 Socrate
473 2218 630 2255 narum-ies
655 2226 814 2254 actionum
842 2225 1046 2263 huriznrnururn
1073 2224 1215 2263 sequelas
1240 2225 1336 2255 habi-

231 2281 276 2305 tas
301 2288 365 2307 esse
392 2288 449 2316 pro
474 2279 583 2316 poeuis
604 2279 794 2316 praemiisvc
822 2278 977 2307 (immistus
1003 2278 1158 2306 immissis.
