1487 2625
228 224 278 261 60
445 218 1110 261 COMMENTATIO

232 358 256 378 ,‚
282 338 391 369 runt:
441 341 522 368 nam
571 339 698 366 omnes
743 327 1003 374 testabuntur,
1056 341 1112 367 me
1150 330 1331 370 neminem

229 427 254 448 „
279 411 440 448 unquam
481 400 631 436 laesisse
686 397 949 435 deterioremve
987 399 1214 446 reddidisse,
1266 400 1330 438 sed

226 496 253 517 „
279 480 422 517 semper
447 468 585 505 amicos
613 467 780 504 meliores
805 468 950 505 reddere
972 469 1289 518 studuisse.”(1)

274 540 335 579 Ex
358 539 429 576 hoc
450 538 641 585 colloquio
655 565 667 584 ,
697 537 799 585 quod
824 537 967 586 egregie
986 536 1159 586 patefacit
1182 549 1332 578 sensum

222 609 320 657 viri,
357 609 423 657 qui
449 609 487 646 in
505 608 635 646 mediis
660 606 929 645 calamitatibus
962 606 1115 656 erigitur
1140 617 1178 646 et
1202 607 1333 646 incon-

222 690 356 718 cussus
396 687 517 717 manet
549 677 756 717 consientia
795 689 884 715 suae
910 677 1091 726 virtutis,
1132 677 1328 726 vide-mus,

222 750 329 798 quale
351 747 463 787 fuerit
484 748 712 787 daemonium
741 747 848 786 illud.
903 748 1071 786 Socrates
1093 747 1208 796 dicit,
1234 747 1331 787 divi-

221 831 309 857 num
353 818 453 857 illud
501 829 727 867 repugnasse
749 846 762 865 ,
813 817 1013 866 quominus
1073 817 1330 857 defensionem

218 897 383 937 pararet3
415 889 542 937 quod,
567 900 680 936 quum
706 887 824 926 amico
848 887 979 926 mirum
994 887 1207 934 videretur,
1234 888 1330 926 ulte-

217 958 296 996 rius
319 958 493 1007 explicat.
547 957 856 1006 Exspectaremus
880 957 952 1006 jam
971 985 984 1004 ‚
1022 967 1107 996 eum
1129 958 1327 997 allaturum

219 1038 301 1066 esse
322 1028 472 1076 auguria
487 1055 500 1075 ,
527 1026 670 1065 somnia
685 1054 698 1073 ,
725 1035 788 1065 aut
811 1026 916 1065 aliam
944 1027 1125 1075 quandam·
1145 1027 1326 1066 efficacem

217 1097 395 1135 Numinis
407 1097 586 1135 actionem
602 1125 615 1144 ,
643 1107 708 1135 seu
731 1105 881 1134 externe
906 1107 1038 1134 sensus
1052 1124 1065 1143 ‚
1093 1107 1160 1135 seu
1183 1096 1327 1135 interne

215 1167 377 1205 animum
411 1167 649 1204 afficientem:
691 1167 757 1204 sed
790 1166 899 1213 longe
923 1166 1028 1204 aliter
1054 1177 1092 1204 se
1117 1177 1178 1204 res
1198 1164 1323 1204 habet.

212 1234 390 1285 Explicat
411 1236 598 1283 rationes,
625 1247 692 1272 cur
711 1235 792 1284 ipse
813 1235 996 1273 existimet
1013 1262 1025 1281 ‚
1055 1235 1187 1272 melius
1200 1245 1324 1274 secum

216 1305 301 1354 agi,
329 1305 363 1343 si
380 1307 453 1355 jam
481 1316 579 1343 nunc
604 1304 805 1351 moriatur,
843 1316 957 1352 quum
985 1305 1035 1342 ita
1060 1313 1097 1342 et
1122 1305 1325 1344 senectutis

217 1375 406 1413 molestias
444 1374 595 1423 effugiat
619 1402 632 1421 ,
692 1385 727 1411 et
772 1374 992 1412 desiderium
1026 1373 1087 1412 sui
1127 1374 1323 1413 relicturus

216 1446 264 1484 sit
314 1454 402 1493 post
452 1454 624 1482 mortem.
701 1444 757 1482 Ea
803 1444 917 1491 igitur
938 1471 951 1490 ,
1005 1455 1098 1492 quae
1137 1443 1324 1483 daemonio

216 1515 430 1563 tribuebat,
471 1515 551 1562 ipse
588 1523 783 1552 assecutus
827 1524 902 1552 erat
942 1513 1078 1562 ingenii
1113 1513 1258 1552 viribus
1286 1524 1324 1553 et

217 1583 464 1633 experientiae
499 1595 596 1632 ope3
649 1583 881 1622 daemonium
916 1583 1016 1621 istud
1050 1592 1125 1621 erat
1155 1584 1322 1623 celeritas

217 1654 391 1701 quaedam
418 1654 553 1702 ingenii
580 1663 615 1691 et
639 1653 843 1702 sagacitas,
880 1665 978 1700 qua,
1014 1664 1090 1691 uno
1120 1654 1228 1702 quasi
1252 1654 1320 1692 ob-

215 1732 300 1761 tutu
316 1751 329 1770 ,
356 1723 592 1772 praevidebat
610 1751 623 1770 ‚
662 1733 837 1770 quaenam
864 1733 884 1760 e
910 1733 1019 1759 causa
1044 1721 1170 1770 aliqua
1194 1733 1323 1761 neces-

214 1793 312 1832 sario
336 1801 607 1841 sequerentur,
643 1803 731 1830 num
759 1791 856 1830 actio
887 1791 1062 1839 quaedam
1093 1792 1239 1840 bonas,
1277 1803 1323 1832 an

214 1875 304 1902 vero
343 1863 453 1901 malas
489 1873 612 1900 secum
647 1862 796 1900 duceret
835 1862 1028 1908 sequelas,
1080 1872 1168 1899 num
1207 1861 1323 1909 igitur

215 1931 450 1981 suscipienda
477 1939 573 1969 esset
591 1958 603 1977 ,
642 1941 687 1969 an
713 1930 932 1968 omittenda.
985 1930 1067 1968 Cur
1091 1941 1179 1969 vero
1208 1930 1320 1978 talia,

216 2012 313 2048 quae·
350 2000 437 2048 ipse·
476 1999 709 2048 protulerat,
758 1999 937 2036 Numinis
983 1998 1108 2037 divini
1144 2000 1321 2051 efficaciae

215 2071 420 2117 tribueret,
459 2068 567 2107 facile
604 2069 749 2107 videtur
791 2067 965 2117 explicari
998 2081 1127 2118 posse.
1192 2070 1321 2108 Solent

214 2141 310 2180 enim
351 2139 548 2188 homines,
605 2138 670 2187 qui
720 2138 909 2187 phantasia
948 2147 984 2178 et
1020 2149 1132 2179 sensu
1168 2141 1318 2187 valent,

1230 2221 1326 2259 qua--

253 2297 307 2333 (ι)
337 2292 388 2323 Cf.
409 2293 506 2323 Mem.
531 2289 589 2321 [V.
609 2298 640 2321 e.
652 2289 683 2321 8.
706 2286 842 2330 §.si-11.
