1487 2625
368 249 958 290 THEOLOGICA.
1149 265 1214 292 101

115 359 339 406 observant,
365 358 627 406 benignitatem
658 370 758 397 suam
789 360 975 398 ostendit:
1006 361 1116 416 quasi
1141 372 1218 401 non

116 438 216 469 tanta
255 431 303 467 sit
342 429 487 467 divinae
521 438 669 466 naturae
698 429 935 477 benignitas,
979 441 1019 468 ut
1047 431 1221 470 omnibus

118 498 241 538 favere
268 499 371 537 velit.

166 570 275 609 Plane
342 568 435 607 alius
497 568 550 605 sic
605 569 799 616 multoque
853 569 1053 618 ignobilior
1102 571 1223 610 oritur

118 638 229 676 animi
269 649 430 684 sensus,
469 650 544 686 quo
582 638 749 676 homines
776 639 896 677 Deum
925 649 1220 689 prosequuntur.

117 708 205 756 lpse
244 709 472 746 Socrates
491 696 634 747 'indicat
649 736 661 755 ‚
700 721 774 756 quo
797 720 910 747 sensu
935 710 1222 759 prosequeretur

118 777 270 816 Numen
293 778 484 818 Divinum.
515 779 614 816 Dicit
637 779 935 828 Euthydemo
957 781 1049 830 (1):
1081 810 1105 829 ,‚
1121 783 1223 833 Deus

123 874 147 896 „
173 848 349 896 praecipit
382 860 448 896 per
481 850 696 894 oraculum,
738 858 779 886 ut
806 849 929 897 ipsum
956 851 1121 888 colamus
1145 853 1224 898 lege

121 944 146 964 „
170 918 355 956 civitatis:
396 919 454 955 lex
490 927 607 956 autem
647 918 786 966 ubique
813 929 895 967 est,
937 920 1124 959 sacrificiis
1155 932 1223 969 pro

123 1014 147 1035 ‚‚
175 987 312 1036 opibus
355 988 578 1036 praestandis
617 988 720 1025 Deos
749 988 821 1026 sibi
845 989 1032 1038 propitios
1058 991 1221 1029 reddere.

125 1083 150 1104 „
175 1057 377 1107 Quomodo
413 1057 526 1106 igitur
558 1058 689 1094 melius
716 1058 800 1105 quis
822 1059 923 1096 Deos
951 1061 1073 1106 colat,
1116 1071 1224 1106 quam

124 1153 149 1174 „
175 1127 207 1164 si
234 1139 273 1164 ea
299 1127 435 1174 faeiat,
473 1139 565 1175 quae
594 1127 664 1176 ipsi
685 1127 854 1177 jubent?
908 1130 981 1167 Sed
1004 1131 1107 1167 decet
1133 1129 1226 1166 nihil

126 1223 150 1244 ,‚
174 1197 220 1235 de
241 1195 384 1235 viribus
409 1196 616 1233 remittere:
648 1196 713 1243 qui
735 1196 830 1234 enim
855 1197 926 1235 hoc
947 1197 1058 1244 facit,
1100 1206 1226 1234 osten-

124 1294 149 1314 „
176 1265 256 1313 dit,
299 1277 338 1303 se
375 1276 451 1303 non
489 1276 573 1303 vere
602 1267 702 1304 Deos
726 1268 859 1305 colere.
916 1267 1077 1317 Quando
1103 1276 1225 1306 autem

126 1363 152 1383 ,‚
176 1335 268 1373 nihil
311 1335 542 1381 omittimus,
599 1344 634 1373 et
669 1345 845 1383 quantum
885 1348 1088 1384 possumus
1123 1338 1226 1375 Deos

126 1433 151 1452 ,‚
176 1406 358 1452 colimus,
399 1405 499 1442 bono
535 1416 615 1442 esse
638 1405 759 1442 animo
785 1406 960 1444 debemus
976 1434 988 1454 ,
1024 1415 1060 1444 et
1086 1417 1228 1444 summa

128 1503 152 1523 ,‚
179 1487 348 1523 quaeque
368 1483 580 1523 exspectare
605 1474 794 1513 beneficia.
836 1476 925 1514 Non
949 1478 1044 1513 em'm
1068 1476 1115 1513 ab
1142 1477 1228 1514 aliis

127 1573 152 1593 „
177 1547 307 1583 merito
359 1545 504 1594 majora
548 1543 722 1592 beneficia
769 1556 980 1596 exspectare
1009 1557 1196 1596 possumus
1214 1573 1227 1592 ,

127 1643 152 1663 „
177 1627 287 1665 quam
315 1627 338 1651 a
366 1614 451 1651 Diis
469 1641 481 1658 ‚
521 1627 584 1651 nec
606 1615 740 1662 aliter,
783 1628 893 1664 quam
919 1618 952 1654 si
971 1617 1099 1654 horum
1115 1616 1228 1665 favo-

129 1712 152 1733 „
177 1696 254 1722 rem
280 1684 378 1721 nobis
397 1684 671 1722 conciliavimus
684 1699 700 1733 ,·
725 1684 769 1722 id
790 1694 912 1723 autem
936 1687 1034 1724 nobis
1061 1700 1098 1735 eo
1111 1690 1228 1736 magis

128 1782 153 1801 „
176 1757 360 1803 continget
374 1780 386 1797 ‚
427 1766 496 1803 quo
520 1755 637 1803 magis
660 1755 820 1804 ipsorum
849 1755 985 1805 legibus
1006 1755 1229 1807 obtempera-

128 1851 153 1871 „
177 1823 384 1862 verimus.”
460 1824 683 1860 Socrates
728 1823 841 1870 igitur
883 1824 1039 1863 confidit
1080 1825 1228 1873 quidem

126 1893 284 1932 Divinae
323 1892 565 1940 benignitati,
616 1894 680 1930 sed
715 1894 764 1930 ob
807 1894 1048 1931 obedientiam
1084 1894 1229 1942 legibus

124 1964 262 2002 divinis
300 1962 541 2011 praestitam3
583 1962 722 2009 optima
760 1974 779 2000 a
813 1963 896 2001 Diis
925 1974 1070 2011 sperare
1090 1963 1229 2012 jubet,

126 2034 190 2072 ubi
215 2043 279 2070 eos
304 2032 379 2078 ita,
408 2031 463 2068 uti
487 2039 774 2079 praeceperunt,
802 2033 973 2070 colimus.

175 2103 302 2149 Itaque
342 2102 573 2139 Socrates
615 2101 770 2138 inferior
812 2111 867 2139 est
905 2103 1094 2141 Platone
1113 2132 1125 2150 ‚
1165 2104 1232 2150 qui

128 2173 248 2211 Deum
284 2173 324 2212 τὸ
347 2172 480 2219 ἀγαθόν
503 2171 657 2208 vocabat
674 2198 686 2218 ‚
740 2171 913 2209 Senecft
928 2199 939 2218 ‚
969 2172 1033 2220 qui
1060 2171 1231 2219 dicebat,

1144 2241 1233 2279 Diis

170 2323 219 2364 (1)
256 2321 308 2353 Cf.
328 2324 425 2353 DIem.
450 2322 509 2352 lV.
532 2333 558 2352 c.
587 2323 615 2351 5.
645 2325 673 2362 ᾗ.
697 2322 733 2351 16
755 2325 785 2350 et
809 2332 857 2361 17.
