1487 2625
260 193 329 222 112
477 178 1145 221 COMMENTATIO

258 289 436 328 Tartarus
449 297 630 338 praeterea
639 290 814 328 emeticus
827 317 840 336 ,
859 289 1011 338 sulphas
1033 298 1069 327 et
1088 291 1222 328 murias
1234 291 1360 340 Ferri,

255 361 367 399 nitras
381 368 415 398 et
430 368 548 397 acetas
571 359 717 397 Plumbi
734 387 747 406 ,
776 360 896 397 eadem
931 370 971 397 ac
998 359 1166 397 Arsenici
1191 359 1356 409 oxydum

255 429 452 468 excitarent
469 457 482 477 ,
506 439 679 468 monente
700 429 834 467 Rich
847 438 891 467 te
905 441 921 466 r
934 440 957 466 o
971 457 983 476 ‚
1001 429 1250 478 phaenomena
1270 429 1356 479 (ι).

254 499 464 538 Observavi
482 508 602 538 tamen
624 501 736 549 hujus
754 499 923 547 corporis
941 499 1047 537 salini
1072 498 1297 538 solutionem
1314 510 1360 537 ex

255 568 412 608 Tartaro
438 570 593 608 emerico
618 570 746 608 soluto
777 580 944 618 separare
978 569 1255 618 praecipitatum
1282 568 1361 607 fere

251 638 401 678 fuscum
416 668 429 687 ‚
442 651 486 678 ex
506 640 677 689 sulphate
701 639 803 678 Ferri
831 640 985 688 pulchre
1005 639 1157 677 rubrum
1172 667 1185 687 ‚
1213 651 1259 678 ex
1281 651 1362 677 mu·

255 709 345 747 riate
367 709 469 747 Ferri
495 708 680 759 profunde
711 710 844 748 flavum
878 719 989 757 atque
1016 721 1059 748 ex
1080 717 1217 748 acet-ate
1233 710 1362 749 'Plum-

255 779 293 817 bi
321 790 367 817 ex
400 778 510 817 fusco
535 779 752 818 flavescens.
806 779 922 829 Quod
944 788 1064 817 tamen
1099 790 1175 817 non
1210 779 1363 828 impedit

255 861 332 897 quo
366 850 512 897 minus,
539 849 572 887 si
595 858 808 898 reputemus
836 861 1003 898 errores,
1032 850 1098 898 qui
1121 850 1229 889 facile
1262 847 1362 888 infu-

255 931 321 967 per
355 929 574 967 nascantur,
608 919 646 956 in
679 919 844 958 examine
877 919 1074 958 fluidorum
1105 919 1360 968 organicorum

259 999 407 1037 reagens
433 989 526 1028 illud
551 988 777 1038 rejiciamus.

735 1130 772 1177 §.
827 1140 885 1167 12.

610 1265 757 1312 Aqua
810 1264 1007 1302 Calcis.

311 1404 348 1443 H
362 1416 382 1442 a
397 1405 420 1442 h
433 1415 457 1442 n
471 1416 490 1442 e
503 1416 537 1442 m
551 1415 607 1443 an
620 1414 644 1442 n
670 1414 799 1451 aquam
824 1402 949 1442 Calcis
976 1400 1146 1440 adhibuit
1173 1400 1244 1451 (2)
1272 1408 1313 1440 ut
1329 1409 1367 1439 et

256 1474 278 1523 J
294 1475 314 1510 ἒ
330 1485 354 1523 g
368 1486 388 1512 e
402 1486 420 1512 1·
458 1475 540 1523 (3)-

313 1544 486 1583 Producit
514 1544 552 1582 in
587 1542 775 1582 solutione
813 1541 999 1581 arsenicali
1035 1542 1197 1580 colorem
1239 1539 1363 1579 album

262 1615 502 1663 ersdemque
527 1614 664 1652 coloris
693 1612 984 1662 praecipitatum.

313 1684 416 1723 illius
448 1695 520 1732 ope
551 1685 704 1734 Jiiger
741 1683 876 1731 detegit
900 1684 944 1733 3¹5
971 1680 1072 1730 grani
1113 1681 1152 1718 in
1188 1692 1285 1730 3000
1317 1687 1370 1717 at—

264 1766 336 1802 que
376 1757 420 1808 3³6
460 1755 497 1792 in
536 1767 635 1792 2000
670 1764 786 1801 aquae
825 1754 893 1800 (4)
936 1751 998 1789 Pf
1007 1750 1059 1789 af
1069 1749 1089 1788 f
1116 1749 1149 1788 si
1187 1760 1367 1788 venenum

266 1837 363 1873 3000
389 1824 488 1875 (5),
517 1824 618 1861 Wit
635 1822 705 1860 tin
721 1836 742 1872 g
763 1823 806 1861 si
831 1834 929 1869 2400
944 1832 1061 1870 aquae
1085 1819 1252 1868 partibus
1276 1817 1370 1856 fuis-

266 1905 323 1934 set
352 1897 532 1933 solutum.
597 1894 640 1932 In
679 1894 805 1931 ultima
836 1892 1010 1930 relatione
1035 1892 1079 1929 ad
1102 1889 1366 1929 restituendum

1294 1968 1370 1996 me·

311 2048 358 2087 (ι)
380 2045 579 2081 Richter,
603 2045 626 2075 l.
647 2055 675 2075 c.

306 2103 354 2139 (2)
378 2099 399 2129 1.
422 2110 448 2129 c.
474 2110 507 2138 p·
528 2098 597 2130 255.
627 2102 658 2140 §.
679 2099 753 2129 420.

309 2154 359 2192 (5)
382 2153 403 2182 1.
426 2163 453 2182 c.
471 2163 505 2191 p.
525 2163 597 2193 299.

308 2209 358 2247 (4)
382 2206 462 2236 lbid.

308 2261 359 2299 (5)
384 2261 511 2291 Handb.
534 2259 590 2289 Bd.
613 2258 658 2289 11.
684 2268 716 2296 p.
742 2256 810 2286 584.
843 2256 894 2286 Cs.
918 2254 1136 2289 Richter,
1160 2251 1183 2281 ,1
1206 2261 1235 2281 c.
