1487 2625
189 157 249 200 zm
431 158 570 203 Ana.
602 158 769 204 eATn.
802 160 1062 208 HOLTIUS
1084 134 1093 213 Ῐ

188 307 301 336 mum
354 292 460 336 enim
504 291 886 350 Koningianum
931 294 1220 340 anatomicum'
1257 304 1298 341 et

183 367 469 411 zoo'tomicnm
498 376 768 426 apparatum,
799 370 854 413 ab
887 370 1112 415 heredibus
1144 379 1296 416 emtum

183 447 371 505 publice,
421 446 568 503 majori
608 453 744 490 tamen
793 462 841 490 ex
886 456 1006 505 parte
1056 463 1148 492 cum
1188 464 1296 508 pro-

182 522 348 566 vinciali
418 529 505 565 turn
575 522 733 565 urbana
789 522 963 582 pecunia
988 554 1000 576 ‚
1059 524 1295 569 academiae

182 599 340 642 illatum
400 613 489 642 esse
513 630 524 650 ,
594 598 878 656 cognovimus.
976 598 1178 644 Constant
1238 601 1295 644 il-

179 677 242 719 lae
282 691 348 719 res
403 683 541 719 cerata
591 676 751 733 effigie,
792 674 1120 732 ingeniosissime
1169 676 1292 730 ficta,

166 746 263 809 ¹qua
291 739 488 811 'corporis
515 752 708 804 humani,
740 751 999 809 aliorumque
1028 753 1290 808 animalium,

179 830 339 873 viscera
382 829 541 873 sollerti
574 843 700 872 manu
740 843 937 888 expressa
978 837 1101 886 sunt3
1161 845 1292 888 eaque

177 906 403 950 liberalitas
441 920 538 964 erga
580 905 867 964 Koningii‚
923 906 1162 951 meritissmi
1189 907 1291 961 viri,

176 983 353 1027 heredes
383 969 440 1027 xeo
479 982 610 1040 magis
653 983 862 1027 laudanda
904 991 965 1027 est
1001 984 1150 1038 nobis,
1205 999 1290 1043 quo

174 1074 269 1103 cum
331 1060 570 1103 academiae
629 1059 803 1103 utilitate
868 1067 992 1117 atque
1041 1069 1289 1107 ornamento

172 1139 397 1194 conjuncta
435 1143 508 1180 est.
574 1136 629 1179 ,In
666 1135 811 1194 primis
845 1150 944 1180 vero
982 1137 1191 1181 laudanda
1227 1146 1290 1183 est

173 1229 255 1270 qua
292 1220 412 1272 parte
446 1213 607 1256 urbana
642 1220 681 1256 et
721 1213 988 1271 provincialis
1024 1220 1099 1257 est.
1178 1215 1286 1259 Nam

171 1290 231 1334 uti
269 1291 371 1334 urbs
409 1289 648 1347 Trajectina
684 1289 885 1346 majorem
926 1298 1084 1334 sumtus
1123 1299 1286 1350 partem

172 1367 377 1426 suscepit‚
407 1366 464 1411 ita
488 1366 726 1425 provinciae
749 1368 859 1410 nulla
882 1367 1109 1426 pecuniosa
1131 1369 1285 1415 utilitas

174 1445 227 1488 ab
263 1444 476 1488 academia
505 1444 625 1487 redit.
720 1445 806 1487 Nos
855 1451 992 1488 tamen
1032 1448 1285 1493 contendere

171 1521 387 1573 nolumus,
422 1521 495 1564 sed
525 1521 690 1577 utrique
717 1508 911 1565 donatori
941 1523 1099 1580 pariter
1130 1527 1285 1582 gratias

171 1612 320 1656 agere,
351 1612 503 1641 novum
527 1598 756 1656 exemplum
779 1598 893 1642 bono
918 1600 1046 1643 omini
1069 1601 1282 1650 ducentes.

171 1675 314 1718 Altera
341 1674 565 1718 liberalitas
587 1689 667 1731 qua
692 1676 934 1734 locupletati
958 1691 1099 1722 sumus
1122 1679 1284 1725 Biblio-

171 1752 318 1795 thecae
343 1751 531 1810 profuit,
559 1758 703 1808 estque
735 1766 781 1794 ea
812 1759 899 1795 tota
928 1752 1101 1811 privata.
1162 1757 1283 1801 Con—

171 1828 331 1872 cinnari
356 1827 493 1886 coepit
526 1827 569 1870 in
599 1827 778 1872 Francia
815 1828 898 1873 hoc
926 1837 1115 1890 tempore
1140 1833 1284 1891 pictu-

170 1907 229 1951 ris
250 1904 512 1965 splendidum
541 1912 579 1949 et
595 1905 822 1964 pretiosum
840 1921 973 1965 opus,
999 1910 1280 1969 geographiae

171 1984 364 2040 antiquae
405 1989 445 2025 et
484 1996 640 2036 novae,
683 1982 782 2026 item
824 1978 1022 2028 naturalis
1060 1985 1277 2042 historiae,

170 2060 309 2105 studio
336 2058 616 2110 utilissimum,
660 2058 942 2114 Ribaudii,
970 2064 1074 2105 Iter
1104 2066 1150 2106 in
1175 2066 1278 2107 Ae-

165 2146 391 2195 gyptum,
435 2137 661 2188 Nubiczm,
712 2146 754 2179 et
788 2141 996 2193 regiones
1027 2142 1279 2198 circumja-

173 2223 332 2257 centes.
433 2212 526 2256 Hoc
571 2212 694 2270 igitur
740 2213 855 2257 dono
888 2214 999 2259 dedit
1040 2216 1278 2262 academiae
