1487 2625
1240 145 1311 173 xm

252 243 627 286 Institutionibus
663 243 841 285 clinicis
870 243 1130 285 morborum
1163 248 1310 289 inter-

196 329 359 357 norum
389 312 556 357 vacabit
585 311 618 356 Ι.
634 311 666 355 Ι.
682 311 1135 368 WOLTERBEEK,
1167 315 1311 373 singu-

194 385 246 428 Iis
279 383 451 437 diebus,
496 383 540 425 in
571 382 829 426 Nosocomio
857 384 1112 429 academico.

252 463 437 504 Praxin
470 460 787 515 chirurgicam
823 460 961 504 tradet
999 461 1315 507 B.F.SUER—

196 531 348 585 MAN,
393 538 543 588 quater
572 544 649 589 per
679 528 839 574 dicrum
866 531 1201 587 hebdomadem,
1233 534 1317 579 ho-

198 617 246 646 ra
274 602 390 645 VIII.
1140 647 1143 662 ,Υ

262 662 564 734 Operatione&
636 680 931 734 clzirurgicas
1016 680 1320 727 demonstrabit

199 749 249 795 Β.
269 748 319 793 F.
349 747 663 801 SUERMAN,
711 741 902 808 tempore
950 751 1155 810 hyemali,
1210 770 1322 811 qua-

200 827 266 864 ter
298 833 376 878 per
416 818 575 863 dierum
606 819 944 876 hebdomadem,
985 821 1088 866 hora
1113 823 1163 867 V.

258 898 636 939 Institutionibus
674 900 720 939 in
751 906 854 940 arte
886 900 1179 956 chirurgica,
1212 917 1324 959 quo-

203 968 264 1012 vis
294 967 360 1011 die
377 1000 388 1019 ‚
435 968 600 1011 vacabit
627 968 676 1012 B.
696 967 746 1012 F.
773 968 1076 1015 SUERMAN.

266 1047 509 1088 leeoriam
541 1047 663 1087 artis
693 1047 985 1089 obstetriciae
1034 1048 1066 1093 l.
1094 1048 1124 1093 Ι.
1149 1050 1326 1095 VVOL-

206 1115 507 1168 TERBEEK,
539 1117 606 1160 die
632 1117 800 1170 martis,
831 1117 935 1162 iovis
962 1126 1002 1163 et
1025 1121 1211 1172 veneris,
1244 1122 1328 1166 ho-

206 1203 254 1231 ra
282 1187 356 1232 lX.

265 1267 640 1308 Institutionibas
685 1268 988 1320 obstetriciis,
1061 1271 1108 1311 in
1142 1273 1330 1326 primis

200 1339 460 1393 practicis’,
506 1339 552 1379 in
585 1339 862 1389 'Nosocomio
903 1341 1122 1383 habendis
1166 1342 1331 1387 vacabit

211 1408 293 1453 LI.
325 1407 777 1455 WOLTERBEEK.
853 1454 856 1456 ,
1224 1458 1226 1460 ,

216 1517 219 1521 -
268 1487 496 1529 Pontiam
527 1489 750 1529 medicam
787 1486 926 1531 tradet
963 1488 1015 1532 N.
1032 1488 1079 1534 C.
1106 1505 1166 1534 DE
1184 1490 1332 1537 FRE-

212 1555 400 1609 MERY,
433 1556 580 1600 diebus
605 1557 800 1600 mercurii
819 1565 858 1601 et
874 1560 1058 1614 saturni,
1090 1561 1196 1607 hora
1211 1564 1331 1609 VIII.

269 1636 558 1689 Dis-putandi
590 1633 983 1690 exercitationibus,
1016 1639 1186 1684 alternis
1220 1641 1332 1686 heb-

216 1705 489 1758 domadibus,
533 1706 800 1750 Professores
840 1706 883 1750 in
917 1707 1133 1755 Facultate
1168 1712 1334 1757 Medica

218 1779 452 1834 praeerunt.
1085 1774 1088 1776 ’

275 1854 307 1898 1.
340 1853 650 1899 BLEULAND
668 1888 679 1908 ‚
710 1856 805 1900 licet
833 1865 1011 1916 propter
1044 1867 1220 1905 aetatem
1250 1862 1336 1906 ho-

219 1925 388 1969 norifice
407 1925 509 1968 rude
528 1925 729 1980 donatus,
760 1928 1137 1985 commilitonibus,
1160 1933 1234 1990 ‘qui
1260 1950 1337 1980 ex-

221 1996 484 2055 plicationem
516 1997 817 2042 accuratiorem
854 2001 1130 2059 speciminum
1172 2006 1339 2051 Anato-

216 2067 424 2110 micorum
463 2074 502 2110 et
534 2067 929 2126 Pathologicorum,
967 2072 1011 2116 in
1038 2073 1184 2119 Museo
1209 2091 1339 2135 prae-

224 2138 397 2181 sentium
416 2171 426 2190 ‚
463 2138 791 2188 desiderabunt.
833 2157 907 2186 sua
939 2144 1076 2189 officia
1095 2177 1106 2198 ,
1137 2155 1336 2204 quantum

227 2210 416 2253 valetudo
448 2210 682 2268 permonet,
717 2210 859 2258 offert.
