1487 2625
367 245 960 286 THEOLOGICA.
1163 259 1210 296 99

108 354 353 403 notionibus,
403 355 522 403 liquet
560 354 695 399 etiam,
743 364 829 401 quo
858 353 1099 403 perfectiores
1135 354 1211 393 sint

91 416 215 465 ‘alicui
249 435 412 464 naturae
451 426 612 464 Divinae
644 426 826 471 notiones,
868 436 913 463 eo
951 423 1210 473 perfectiorem

103 495 180 543 ipsi
205 506 287 533 esse
308 496 570 544 conjunctionis
595 506 677 533 cum
708 495 790 533 Deo
814 505 978 533 sensum.
1019 495 1075 533 Ut
1097 495 1211 543 igitur

102 566 147 603 de
180 565 352 603 universa
384 565 549 603 doctrina
584 565 780 603 Socratica
801 564 982 613 judicium
1005 564 1102 603 ferre
1124 558 1210 602 tuto

101 635 320 683 possimus,
376 635 607 673 considerare
656 634 829 671 debemus
880 634 1225 683 coniunctionem,

101 715 196 752 quae
216 705 256 742 in
278 716 319 743 ea
344 704 514 753 obtinet,
544 705 738 742 hominum
763 706 847 742 cum
875 705 985 743 Deo:
1028 715 1111 742 nam
1131 715 1210 753 quo

100 772 301 821 perfectior
314 774 403 812 haec
426 774 501 823 sit,
528 784 573 811 eo
600 774 844 822 perfectiores
866 775 973 811 etiam
997 774 1210 812 Socratis

99 845 145 882 de
164 851 292 882 natura
318 844 455 883 Divina
477 844 651 882 notiones
678 844 849 881 dicendas
875 854 980 890 esse,
1008 829 1168 883 constat.

150 913 368 952 Socrates
405 914 665 962 existimabat,
704 915 823 952 Deum
859 913 1078 951 hominibus
1109 915 1209 962 leges

99 983 346 1032 praecepisse.
398 983 482 1032 Ea,
533 995 627 1031 quae
676 983 867 1021 hominum
904 982 1034 1021 animis
1069 982 1210 1022 inditus

100 1053 193 1091 boni
233 1055 395 1102 malique
443 1065 575 1092 sensus
611 1053 853 1101 pronuntiat,
904 1063 1073 1101 quaeque
1118 1053 1210 1090 adeo

97 1124 198 1172 apud
236 1134 365 1161 omnes
403 1124 567 1173 populos
602 1123 741 1160 sancita
777 1130 893 1169 sunt,
936 1123 1023 1160 haec
1050 1120 1210 1159 habebat

97 1193 190 1242 leges
206 1192 402 1239 Divinas,
429 1192 512 1228 ideo
541 1202 699 1239 nempe,
728 1191 831 1239 quod
855 1191 921 1238 qui
944 1202 1003 1228 eas
1031 1190 1209 1237 vlolaret‚

98 1272 245 1309 semper
276 1272 297 1299 a
332 1262 414 1299 Deo
448 1260 645 1308 puniretur
672 1261 756 1310 (1).
811 1260 934 1298 Etiam
974 1261 1209 1299 oraculorum

96 1329 204 1368 effata
239 1338 303 1368 aut
326 1329 414 1368 alias
436 1329 707 1376 divinationes,
744 1329 883 1376 quibus
916 1331 1018 1367 Deus
1039 1330 1208 1368 homines

96 1401 309 1438 admoneret
333 1400 379 1437 de
410 1399 554 1436 actione
577 1399 729 1445 quadam
752 1398 988 1447 suscipienda
1006 1407 1069 1436 aut
1098 1399 1214 1437 omit-.

97 1471 235 1517 tenda,
293 1471 415 1518 legum
450 1469 654 1507 divinarum
694 1468 810 1506 instar
846 1468 1025 1515 habebat,
1068 1469 1208 1516 quibus

97 1541 424 1589 obtemperandum
471 1548 569 1577 esset
626 1539 688 1585 ei,
741 1539 805 1586 qui
844 1541 925 1577 Deo
960 1546 1085 1587 gratus
1129 1549 1210 1576 esse

97 1612 224 1649 vellet.
277 1609 339 1648 Sic
367 1621 430 1658 per
456 1611 645 1647 oraculum
670 1609 892 1660 Delphicum
919 1617 1207 1657 praeceperunt,

97 1689 141 1718 ut
162 1680 331 1719 homines
352 1679 514 1718 civitatis
540 1680 618 1728 lege
647 1676 750 1726 ipsos
779 1680 942 1717 colerent
957 1679 1043 1727 (ει).
1068 1677 1209 1726 Liquet

97 1751 230 1800 igitur,
258 1752 375 1789 Deum
391 1749 464 1787 sibi
477 1750 664 1797 cogitasse
688 1749 927 1786 Socratem
953 1756 995 1786 ut
1015 1734 1208 1786 hominum

97 1821 343 1870 legislatorem
372 1828 407 1857 et
436 1819 629 1868 judicem,
669 1819 733 1866 qui
761 1819 859 1868 leges
884 1819 974 1865 det,
1014 1827 1050 1856 et
1077 1818 1207 1867 poenis

99 1891 232 1929 afficiat
256 1901 338 1928 eum
356 1919 369 1937 ‚
403 1890 468 1936 qui
497 1890 562 1927 has
588 1890 718 1927 violat.

144 1960 224 2012 Jam
248 1960 436 1998 videamus
453 1987 465 2005 ‚
509 1960 698 2005 quomodo
727 1958 896 1995 homines
923 1957 994 1994 sibi
1022 1967 1208 2005 propone-

99 2041 153 2068 ret
174 2039 344 2079 respectu
365 2030 410 2067 ad
430 2029 551 2067 Deum
579 2028 722 2065 habito.
752 2027 919 2066 Docebat
939 2038 1083 2074 semper
1097 2054 1110 2073 ,
1139 2027 1207 2063 ho-

100 2101 263 2139 minibus
284 2100 609 2147 obtemperandum
630 2110 712 2136 esse
736 2098 838 2137 hisce
859 2097 1017 2146 legibus.
1047 2099 1127 2137 Cur
1145 2110 1208 2135 au-

1134 2175 1205 2205 tem

143 2266 190 2305 (ι)
214 2265 266 2295 Cf.
287 2266 385 2294 Mem.
409 2263 469 2293 IV.
492 2273 519 2292 c.
533 2263 563 2292 4.
588 2265 619 2302 §.
634 2271 684 2302 ¹9·
707 2273 780 2302 sqq.

143 2319 190 2357 (2)
216 2318 267 2347 Cf.
290 2318 386 2346 Μσῑη.
412 2315 471 2345 [V.
487 2326 514 2345 e.
530 2316 558 2345 3.
575 2318 607 2355 ᾗ.
626 2315 682 2351 ι6,
706 2315 782 2344 coil.
807 2315 832 2345 1.
858 2325 885 2344 c.
901 2315 929 2346 3.
953 2316 1028 2354 504.

608 2375 695 2414 G2
