1487 2625
227 200 297 226 110
448 187 1104 228 COMMENTATIO

222 297 323 344 grani
357 304 494 344 partem
533 295 727 342 Arsenici‚
756 297 828 333 hoc
864 305 1030 345 reagente
1054 298 1203 336 indicari
1225 311 1320 337 1000

171 414 182 425 κ
223 375 258 403 et
297 377 410 413 2‚500
436 376 551 411 aquae
585 364 751 413 partibus
791 365 970 413 dilutam3
1008 368 1168 406 colorem
1197 378 1318 407 autem

217 435 297 473 fieri
329 436 535 472 caeruleum
560 443 596 471 et
627 435 768 472 nullum
801 435 958 483 amplius
985 435 1072 474 oriri
1102 437 1319 487 praecipita-

218 514 323 550 tum,
376 516 491 551 quum
519 506 601 553 33150-
637 504 740 551 grani
779 504 817 541 in
851 514 992 552 25‚000
1018 517 1113 553 aqua
1147 507 1316 554 partibus

209 574 460 613 dissolveram.

254 643 407 681 'Minori
443 643 555 690 huic,
595 654 704 690 quam
730 643 839 681 habet
878 644 1078 682 efficacitati
1115 645 1319 684 addendum

212 714 364 763 insuper
381 722 458 760 est,
485 714 617 752 similia
639 713 714 751 fere
746 715 803 751 vel
825 715 946 752 eadem
975 726 1134 763 prorsus
1155 715 1319 764 phaeno-

214 795 317 822 mena
342 796 385 822 ex
419 784 518 822 illius
554 783 783 822 adhibitione
809 784 986 832 excitari,
1029 786 1068 822 in
1091 785 1195 823 theae
1219 784 1320 824 infu-

210 854 317 891 sione
334 881 346 900 ‚
373 853 520 899 carnis,
562 852 635 891 allii
657 880 669 900 ‚
702 852 933 899 aliorumque
969 853 1230 901 vegetabilium
1257 853 1320 891 de·

209 934 318 961 cocto
334 951 347 971 ,
374 923 462 961 vino
488 933 523 960 et
549 922 704 972 gelatina
717 924 839 959 soluta
856 950 868 969 ‚
883 922 1057 959 omnibus
1083 922 1129 960 iis
1152 931 1188 960 et
1207 932 1318 961 vene-

210 994 305 1032 natis
330 1002 365 1031 et
394 994 498 1031 nullo
527 993 674 1041 penitus
710 992 891 1030 Arsenico
927 992 1145 1040 inquinatis.

258 1065 359 1102 Haec
381 1064 513 1110 utique
533 1062 698 1101 sufficere
721 1062 894 1100 videntur
921 1071 962 1098 ut
994 1070 1144 1110 pateat,
1169 1071 1312 1109 parcam

208 1142 348 1172 tantum
383 1133 469 1170 huic
501 1131 660 1180 reagenti
692 1131 806 1169 tribui
829 1131 960 1169 debere
994 1130 1201 1172 utilitatem.

684 1248 720 1293 ἕ.
779 1261 838 1286 11.

448 1361 747 1401 Chameleon
794 1361 1063 1399 minerale.

254 1468 480 1506 Chameleon
514 1467 682 1505 minerale
721 1475 904 1514 tamquam
949 1475 1098 1513 reagens
1130 1464 1310 1501 Schul-

202 1537 286 1574 zio
315 1536 387 1574 fuit
419 1537 608 1585 cognitum
633 1536 715 1585 (ι).
770 1538 827 1575 Ex
861 1535 965 1573 acido
1012 1533 1224 1572 arsenicoso
1265 1532 1310 1569 il·

201 1610 272 1646 lius
311 1609 471 1645 colorem
516 1607 665 1644 rubrum
715 1607 751 1643 in
788 1606 924 1643 flavum
963 1603 1094 1642 mutari
1133 1602 1309 1641 indicavit

201 1678 461 1724 Fourcroy
490 1679 586 1726 (τι),
622 1677 789 1723 illudque
826 1675 999 1723 deinceps
1039 1673 1201 1712 laudavit
1235 1672 1307 1710 Fi-

204 1759 251 1785 sc
266 1748 288 1784 h
304 1759 321 1784 e
336 1759 352 1783 r
383 1749 450 1794 (3)
465 1775 476 1792 ‚
493 1747 555 1794 qui
570 1756 690 1784 tamen
703 1755 830 1794 postea
846 1773 859 1792 ‚
880 1746 964 1782 loco
978 1744 1177 1783 solutionis
1195 1771 1207 1790 ‚
1221 1743 1304 1791 ipso

202 1819 354 1865 pulvere
382 1828 472 1854 usus
511 1815 583 1854 fuit
614 1816 696 1864 (4).
1224 1864 1262 1901 H

1267 1876 1306 1901 u.

240 1932 289 1972 (1)
312 1932 336 1961 C
352 1941 366 1960 r
381 1942 396 1959 e
410 1930 420 1958 1
436 1929 445 1957 l
460 1950 470 1967 ‚
494 1931 558 1959 Die
577 1935 709 1959 neueste
722 1928 980 1968 Entdeckungen
1004 1928 1038 1957 in
1058 1928 1091 1958 d.
1119 1927 1221 1958 Chim.
1242 1926 1301 1957 Bd.

200 1988 227 2016 1.
250 1997 279 2024 p.
304 1985 371 2015 143.
396 1984 448 2014 Cf.
467 1984 494 2013 R
509 1984 519 2011 i
534 1994 550 2012 c
565 1982 583 2011 h
600 1987 610 2011 t
626 1993 641 2011 e
656 1993 692 2018 r,
717 1982 738 2012 l.
765 1992 838 2021 c.p.
859 1982 950 2021 699.)

240 2041 289 2078 (ρ)
314 2039 334 2067 Ι.
361 2049 390 2067 c.
407 2038 500 2066 ¹1·0m.
519 2035 563 2066 V.
580 2047 611 2074 p.
635 2037 706 2075 189.
729 2035 835 2069 (Paris
855 2044 906 2063 an.
932 2044 963 2074 9.

239 2094 286 2132 (5)
311 2094 361 2121 De
398 2092 501 2120 modis
531 2091 688 2120 ,Arsetzici
724 2089 918 2129 detegendi,
948 2085 1082 2118 vratisl.
1120 2086 1210 2116 1813.
1243 2085 1298 2116 Cf·

197 2145 422 2178 Richter,
447 2144 469 2173 1.
491 2154 518 2172 c.
546 2153 577 2179 p.
598 2144 671 2182 699.

238 2199 287 2235 (4)
317 2197 418 2226 Uelzer
438 2197 487 2225 ‹lie
514 2195 700 2224 Clzemisclze
725 2196 886 2234 chagenZ·
920 2203 953 2232 p.
988 2192 1057 2222 106.
1094 2191 1219 2231 (1816-)
1245 2191 1298 2222 Cf·

198 2250 421 2284 Richter,
450 2249 469 2277 l,
496 2259 521 2277 c.
547 2259 576 2285 p.
600 2258 670 2288 700.
