1487 2625
217 209 265 246 16
449 202 1108 243 COMMENTATIO

213 320 276 357 τοῦ
311 316 463 363 κόσμου,
501 311 581 350 Sive
612 317 676 357 τῆς
707 317 774 352 τῶν
800 313 941 353 πάντων
967 315 1135 362 φύσεως,
1174 312 1221 350 de
1247 324 1321 360 qua

215 395 344 423 omnes
389 382 443 418 illi
489 380 762 428 disquisivere,
797 389 833 417 et
872 381 918 418 de
949 391 1022 428 qua
1058 388 1172 429 agunt
1205 380 1283 419 fere
1306 409 1321 428 ‚

215 462 405 502 quotquot
432 452 476 489 ab
499 450 544 488 iis
564 451 609 489 ad
623 461 692 487 nos
706 458 980 497 pervenerunt,
1009 450 1162 498 scripta.
1189 450 1322 488 Unita-

213 534 285 562 tem
325 531 446 560 autem
486 522 607 567 hanc,
650 520 839 558 vinculum
875 520 997 557 omnia
1032 520 1244 567 copulans,
1281 528 1325 557 ut

212 592 450 638 invenirent,
493 591 628 629 variam
657 590 746 627 varii
778 590 966 627 iniverunt
992 589 1103 627 viam.
1154 588 1325 639 Jonici

214 662 437 710 quaerebant
464 672 572 698 unam
599 660 779 707 quandam
807 659 989 696 materiam
1006 687 1020 706 ,
1061 669 1106 696 ex
1145 671 1217 707 qua
1242 670 1323 696 om-

210 732 271 770 nia
298 740 421 770 essent
447 739 483 768 et
507 731 552 767 ad
576 740 685 777 quam
710 728 832 766 omnia
858 728 1031 768 redirent.
1084 728 1328 777 Pythago-

210 801 309 839 raei
364 800 538 838 unitatem
587 798 823 836 inveniebant
872 797 909 835 in
949 808 1119 835 mensura
1156 797 1324 837 omnium

209 882 331 908 rerum
379 869 566 907 communi
591 897 604 915 ‚
665 879 902 906 numerorum
950 879 1082 916 nempe
1130 869 1323 908 relatione.

207 939 430 980 Eleatici
468 939 618 988 longius
652 939 759 976 etiam
797 937 1072 986 procedebant:
1112 948 1194 975 natn
1230 939 1326 976 mul-

209 1009 405 1048 titudinem
443 1020 563 1046 rerum
599 1007 854 1046 exsistentium
879 1018 961 1045 esse
982 1018 1094 1055 posse
1119 1007 1326 1056 negabant,

210 1087 246 1117 et
286 1079 525 1125 statuebant,
564 1089 672 1116 unam
710 1085 851 1115 tanturn
886 1088 974 1115 vere
1016 1078 1193 1115 exsistere
1232 1078 1324 1115 sub-

211 1149 380 1187 stantiam
419 1150 644 1185 absolutam.
672 1168 726 1175 —
752 1147 851 1184 Cum
886 1156 1006 1184 autem
1041 1136 1206 1185 nondum
1233 1147 1322 1185 satis

210 1227 332 1257 mente
368 1218 507 1256 exculti
543 1226 692 1261 essent,
730 1227 807 1254 non
847 1224 932 1262 est,
975 1217 1078 1262 quod
1122 1216 1323 1264 miremur,

210 1300 274 1327 eos
311 1289 437 1326 mundi
473 1288 587 1326 huius
622 1295 743 1335 partes
770 1286 946 1323 habuisse
974 1297 1126 1333 quoque
1151 1296 1212 1324 eas
1238 1297 1323 1333 res,

209 1371 300 1407 quas
328 1369 398 1396 nos
424 1369 444 1396 a
470 1356 619 1396 materia
644 1356 806 1394 diversas
833 1355 1061 1404 cogitamus,
1090 1368 1148 1394 res
1159 1354 1322 1403 idealcs,

208 1427 503 1474 conscientiam,
544 1426 735 1473 animum,
772 1427 923 1473 Deum3
976 1427 1020 1464 de
1060 1425 1117 1463 his
1153 1426 1325 1474 philoso-

207 1499 416 1547 phabantur
455 1508 532 1535 non
557 1496 662 1534 aliter
688 1508 728 1534 ac
755 1496 800 1533 de
827 1495 994 1543 reliquis.
1048 1496 1165 1534 Erant
1191 1506 1320 1534 omnes

208 1569 402 1607 Realistae
428 1596 441 1614 ,
498 1567 563 1615 qui
614 1567 754 1604 idealia
806 1577 827 1604 e
876 1565 1038 1604 realibus
1090 1565 1319 1605 derivabant.

204 1638 374 1689 Jonici
437 1639 553 1675 Deum
613 1637 796 1674 habebant
860 1644 923 1673 aut
964 1635 1098 1683 vitam,
1147 1645 1211 1674 aut
1246 1638 1320 1676 vim

209 1708 338 1754 etiam,
366 1707 418 1744 illi
445 1706 639 1752 materiae,
670 1718 778 1754 quam
805 1705 980 1754 principii
1007 1707 1091 1743 loco
1107 1706 1320 1756 ponebant,

209 1779 485 1823 inhaerentem,
525 1786 560 1814 et
597 1777 708 1814 huius
746 1776 916 1813 materiae
955 1776 1071 1814 indoli
1097 1777 1321 1815 convenien-

210 1859 266 1887 ter
301 1857 495 1897 agentem3
543 1847 703 1884 animum
756 1847 957 1884 humanum
1007 1845 1065 1884 vis
1108 1846 1219 1884 huius
1256 1855 1320 1885 aut

208 1921 305 1958 vitae
340 1926 506 1966 partem:
547 1917 643 1954 unde
681 1928 778 1953 mens
817 1925 873 1953 est
909 1916 954 1952 iis
982 1915 1183 1963 omnibus,
1220 1924 1321 1954 certe

209 1989 422 2037 plerisque,
458 1988 550 2024 idem
580 1987 682 2034 quod
704 1988 812 2030 vita,
846 1985 942 2033 (νοῦς
968 1986 1065 2022 idem
1092 1997 1131 2023 ac
1158 1985 1317 2036 ψυχὴ),

208 2061 374 2109 cogitare
412 2057 507 2094 idem
549 2068 589 2093 ac
627 2055 733 2092 rebus
771 2057 934 2093 externis
972 2056 1081 2106 affici.
1146 2055 1319 2103 Pytha-

211 2128 384 2178 goraei
418 2128 538 2165 Deum
580 2126 761 2163 habebant
798 2125 910 2163 vitam
951 2136 1016 2173 per
1054 2125 1175 2162 omnia
1207 2123 1319 2162 diffu-

209 2212 284 2237 sam
304 2227 317 2246 ,
342 2198 464 2235 omnia
489 2197 685 2244 agitantem
701 2224 714 2243 ,
741 2196 868 2233 mundi
895 2195 1062 2232 animam.
1091 2194 1316 2239 Eleatae,

210 2281 293 2307 cum
322 2280 427 2306 unam
457 2278 538 2305 esse
564 2266 768 2304 absolutam
797 2264 1045 2304 substantiam
1087 2271 1316 2309 statuerent,

1226 2334 1315 2371 hanc
