1487 2625
163 169 211 196 20
307 156 1053 211 ‚COMMENTATIO

165 272 310 315 prostat
340 267 452 315 hujus
491 266 662 305 veneficii
695 267 933 315 observatio,
961 268 1000 305 in
1027 268 1163 316 juvene
1188 274 1282 308 octo*

170 347 289 374 annos
312 346 431 384 nato,
463 338 527 384 qui
561 337 755 385 pressione
790 338 875 375 licet
909 337 1104 385 instituta,
1134 338 1276 375 nullum

164 405 393 454 percipiebat
423 406 589 444 dolorem
623 420 689 455 per
722 418 867 445 omnem
901 408 1094 445 decursum
1126 406 1277 453 morbi,

167 476 263 515 iutra
303 489 348 515 21
389 477 563 515 horarum
607 478 767 526 spatium
813 487 934 516 morte
972 477 1158 515 terminati
1195 477 1280 526 (1).

167 548 284 587 Doct.
309 546 527 585 Gardner
554 548 649 585 idem
674 547 752 586 fere
775 556 932 586 testatur
950 548 994 585 de
1019 548 1163 596 puella,
1189 548 1288 585 deci-

168 629 269 655 mum
297 626 466 664 quartum
495 618 624 656 aetatis
651 630 786 656 annum
818 629 991 665 emensa,
1014 629 1109 665 quae
1129 618 1291 655 omnino

168 689 340 734 vomitu,
366 697 403 726 at
429 688 557 736 aliquo
591 696 734 727 tantum
774 688 972 727 ventriculi
1008 688 1138 726 ardore
1171 686 1290 725 corri-

165 767 340 807 peretur,
376 758 457 795 sine
492 759 571 796 ullo
615 767 738 797 tamen
772 758 903 796 dolore
938 767 1001 796 aut
1039 757 1287 796 sensibilitate

166 837 275 867 aucta
299 827 385 878 (α).
439 828 749 867 Observationem
791 838 997 867 memoratu
1033 828 1290 878 dignissimam

166 886 459 937 communicavit
486 899 589 936 doct.
615 897 826 947 Yelloly.
880 899 1057 946 Iuvenis,
1090 899 1155 946 qui
1184 897 1293 936 dimi-

168 967 263 1006 diam
276 969 446 1006 Arsenici
463 967 590 1006 unciae
605 977 744 1015 partem
760 967 963 1017 ingesserat
974 997 985 1015 ‚
1000 969 1119 1017 signis
1133 967 1295 1007 Gastro-

169 1038 393 1077 Enteritidis
417 1038 745 1087 prehendebatur,
776 1039 894 1077 veluti
922 1050 1082 1086 nausea,
1116 1040 1292 1086 vomitu,

171 1109 362 1148 diarrhoea
379 1139 392 1158 ‚
419 1111 567 1158 linguae
591 1109 747 1156 ardore,
775 1109 883 1156 aliis,
911 1122 995 1147 cum
1024 1119 1144 1147 tamen
1171 1121 1294 1157 neque

174 1182 224 1219 de
256 1180 386 1217 dolore
419 1189 653 1227 conquestus
692 1177 836 1226 fuerit,
883 1189 1004 1225 neque
1042 1180 1156 1216 ullum
1194 1179 1294 1216 iilius

174 1251 350 1291 indicium
379 1250 701 1289 animadverterint
729 1250 932 1288 adstantes.
988 1249 1079 1286 Fato
1108 1260 1177 1286 suo
1201 1248 1298 1286 intra

179 1334 225 1360 αι
256 1323 367 1360 horas
394 1320 548 1359 functus
586 1330 656 1359 est.
709 1321 793 1359 Alia
826 1329 977 1367 tamen,
1012 1330 1135 1367 neque
1171 1318 1295 1356 minus

179 1392 380 1440 singularis
405 1392 465 1430 hic
492 1391 657 1429 obtinuit
687 1393 847 1440 pulsus,
884 1391 928 1429 ab
965 1403 1039 1438 eo,
1077 1390 1142 1438 qui
1182 1391 1297 1439 vulgo

182 1464 220 1500 in
244 1463 428 1501 veneficio
453 1471 587 1501 nostro
608 1462 797 1510 cernitur,
819 1471 944 1508 statu,
971 1462 1168 1500 aberratio,
1209 1462 1299 1499 Post

184 1534 313 1571 horam
350 1534 472 1580 enim,
501 1535 546 1571 ab
591 1542 759 1571 assumto
804 1543 974 1579 venen0‚
1014 1532 1297 1576 duodecimam,

180 1603 277 1642 ictus
309 1603 556 1651 quadraginta
583 1612 723 1640 tantum
753 1603 790 1639 in
815 1602 960 1639 minuto
986 1601 1108 1650 primo
1131 1600 1300 1649 perficie-

180 1673 344 1719 bantur;
385 1682 473 1722 post
512 1675 639 1710 horam
676 1685 765 1711 vero
800 1672 975 1709 decimam
1017 1682 1179 1718 nonam,
1216 1679 1302 1708 ante

181 1751 336 1780 mortem
359 1744 581 1791 secundam,
607 1744 652 1781 ad
676 1743 825 1792 triginta
847 1744 981 1791 pulsus
1006 1744 1217 1780 decreverat
1239 1742 1301 1780 ille

185 1813 456 1862 numerusffl).
480 1813 580 1850 Haec
596 1813 752 1851 historia
769 1813 915 1850 unicum
935 1812 1106 1858 exhibet,
1123 1821 1302 1860 quantum

187 1882 358 1929 equidem
386 1883 465 1921 scio
481 1911 494 1931 ,
519 1885 748 1931 exemplum,
770 1883 967 1932 singularis
990 1885 1102 1933 hujus
1127 1885 1305 1932 pulsuum

1218 1965 1308 1992 ano·

232 2041 416 2082 (‚1),Lond.
435 2043 517 2072 med.
539 2043 664 2083 surgic.
691 2043 759 2072 and
778 2042 954 2082 pharmac.
980 2042 1178 2083 repository.
1205 2041 1313 2073 V.11..

192 2097 328 2125 Notices
350 2097 389 2137 ο]
404 2096 546 2125 lec-tures
568 2102 630 2126 etc.
656 2107 688 2135 p.
713 2106 784 2136 270.

235 2151 281 2187 (a)
321 2148 445 2177 Edinb.
493 2150 609 2181 medic.
644 2151 712 2179 and
741 2151 867 2190 sut-gic-
899 2151 1020 2180 Journ.
1059 2150 1202 2182 XXXII.
1237 2150 1315 2182 305„

191 2202 242 2232 Cf.
267 2200 535 2237 Christison‚
562 2203 751 2243 Nachlriige
774 2214 804 2241 p.
827 2204 878 2244 98.

233 2255 286 2294 (39
311 2254 396 2284 [hid.
423 2253 465 2284 V.
488 2255 559 2294 389,
582 2256 832 2285 Christisossn
849 2277 858 2294 ,
883 2255 1112 2297 Abhandlung
1131 2267 1163 2295 ρ.
1185 2257 1256 2298 509!
