1487 2625
483 214 826 253 MEDICA.
1165 222 1213 258 97

114 323 234 362 eadem
260 334 343 360 cum
373 322 437 360 illo
466 323 622 361 excitare
645 324 765 361 valent
792 322 1054 370 phaenomena.
1106 319 1211 357 Mul·

113 400 192 430 tum
211 393 255 430 de
274 393 341 430 hac
366 404 430 440 re,
451 405 471 431 a
494 392 553 431 Pf
558 405 577 431 a
589 393 610 431 f
616 391 637 430 f
644 393 690 430 io
711 391 869 440 primum
890 389 1069 437 indicata,
1084 389 1212 437 dispu-

90 489 93 494 ,
114 469 284 499 taverunt
299 470 469 500 auctores
484 490 497 509 ‚
511 470 665 511 negante
686 473 761 500 eam
775 461 799 499 S
813 471 833 498 c
848 461 871 497 h
885 471 908 498 u
922 471 958 497 rn
971 471 990 497 a
1001 470 1027 497 n
1039 470 1064 498 n
1076 470 1099 497 o
1114 459 1181 508 (1)
1195 471 1211 506 ς

114 542 197 568 cum
219 531 247 568 B
262 533 317 569 iic
331 532 355 568 h
368 542 392 568 n
405 543 424 569 e
439 544 454 568 r
474 540 674 577 statueret,
699 530 736 567 in
756 529 860 568 acido
878 528 1077 567 arsenicico
1090 556 1103 576 ,
1124 536 1215 576 post

114 599 311 638 nonnullas
335 601 480 638 demum
516 602 625 638 horas
642 628 655 647 ‚
679 610 827 648 reagens
855 607 1026 637 nostrum
1057 600 1214 637 excitare

114 669 416 719 praecipitatum,
456 671 620 717 illudque
655 674 777 707 ortum
810 669 942 707 ducere
969 680 1014 706 ex
1039 668 1217 718 conjunc-

116 737 218 777 tione
247 739 340 778 acidi
369 738 557 777 arsenicici
587 748 623 776 et
649 738 875 786 arsenicosi‚
902 739 959 776 vel
992 750 1035 776 ex
1071 737 1217 776 actione

117 807 348 857 Hydrogenii
386 808 616 857 sulphurati,
655 809 756 856 quod
782 808 1017 857 Oxygenium
1043 808 1134 846 acidi
1163 819 1221 846 ar-

114 877 264 916 senicici
291 876 364 915 sibi
385 878 586 916 vindicaret
602 878 684 927 (2).
714 878 939 916 Sententiam
965 887 1085 917 autem
1114 888 1217 915 suam

117 947 375 995 experimentis
420 948 593 996 deinceps
629 948 889 995 comprobavit
933 947 992 987 Pf
1001 946 1052 986 af
1063 947 1084 985 f
1118 947 1216 996 (3),

120 1027 273 1064 eamque
321 1017 631 1055 confirmaverunt
688 1016 866 1055 Orfila
908 1026 944 1055 et
993 1016 1219 1056 Christi-

117 1085 218 1126 son.

167 1156 342 1205 Magnam
371 1164 489 1194 tamen
513 1156 551 1193 in
581 1156 688 1205 praxi
725 1157 809 1195 inde
842 1156 930 1195 oriri
967 1167 1044 1194 non
1076 1156 1222 1194 videtur

124 1225 370 1264 difficultatem
385 1253 398 1274 ‚
412 1237 494 1264 cum
521 1234 556 1264 et
570 1227 710 1264 acidum
732 1226 971 1265 arsenicicum
986 1228 1225 1276 ejusdemque

122 1296 215 1333 sales
254 1297 298 1334 ad
343 1296 557 1334 veneficium
599 1296 865 1335 instituendum
906 1295 1023 1334 rarius
1060 1295 1225 1334 adhiberi

121 1365 263 1402 soleant
297 1374 334 1403 et
368 1366 435 1403 alia
475 1366 608 1404 dentur
646 1366 749 1414 signa
780 1366 954 1414 deinceps
983 1366 1225 1415 exponenda,

126 1445 284 1481 quorum
309 1446 381 1484 ope
404 1435 546 1474 acidum
571 1435 807 1474 arsenicicum
823 1436 867 1474 ab
882 1436 1094 1474 arsenicoso
1118 1435 1228 1474 facile

126 1503 283 1543 discerni
308 1504 444 1554 possit.

174 1576 256 1614 Nec
292 1582 493 1613 memoratu
535 1575 644 1624 digna
689 1586 768 1612 esse
806 1575 950 1613 videtur
995 1574 1198 1613 differentia
1214 1585 1238 1621 ,’

127 1657 201 1693 qua
225 1656 374 1694 reagens
406 1654 576 1683 nostrum
608 1644 791 1683 indicabat
825 1656 1032 1692 venenum,
1069 1644 1101 1681 si
1129 1629 1253 1691 prin-⁵

127 1715 225 1764 cipia
252 1717 310 1753 vel
334 1715 585 1753 animalia-vel
619 1714 832 1763 vegetabilia
865 1715 897 1752 ei
933 1723 1033 1752 erant
1057 1714 1230 1752 admixta.

131 1786 171 1824 Si
189 1785 285 1823 enim
306 1785 478 1822 leviorem
500 1784 638 1823 coloris
664 1785 872 1822 varietatem
898 1783 1058 1830 excipias
1073 1810 1085 1829 ‚
1100 1792 1232 1820 secun-

129 1856 216 1894 dum
245 1853 474 1892 diversorum
501 1854 687 1901 liquorum
714 1854 875 1891 colorem
906 1852 1108 1896 diversam,
1136 1850 1232 1887 idem

133 1935 277 1973 semper
305 1923 490 1961 oriebatur
522 1923 797 1971 praecipitatum
823 1921 940 1959 veluti
973 1920 1011 1956 in
1047 1918 1234 1956 infusione

1107 1988 1234 2033 rheae,

177 2071 223 2110 (1)
250 2069 272 2101 S
287 2069 337 2100 ch
352 2080 377 2099 w
392 2068 576 2108 eigger's
597 2067 640 2097 N.
661 2066 779 2096 Journ.
811 2062 899 2095 1825.
921 2062 980 2093 Bi.
996 2062 1096 2094 XIII.
1117 2072 1149 2101 p.
1163 2059 1236 2092 358.

178 2125 225 2167 (2)
254 2122 467 2162 Toxicologie
482 2141 491 2158 ‚
513 2125 544 2150 2e
565 2120 656 2159 Aufl.
678 2128 712 2157 p.
732 2117 804 2148 405.
836 2116 889 2148 Cf.
910 2115 993 2146 Ric
1007 2114 1028 2144 h
1043 2119 1113 2145 t'er
1129 2135 1138 2152 ‚
1161 2115 1184 2146 Ι.
1206 2125 1236 2146 e.

139 2178 578 2270 bgfflschweigger'
615 2225 637 2254 1.
660 2235 689 2254 c.
723 2223 780 2253 Bi.
803 2221 883 2254 XV.
911 2232 945 2262 p.
965 2231 1019 2262 99.
1047 2223 1077 2250 et
1099 2218 1237 2250 Bran-

141 2282 191 2311 de
206 2293 220 2311 s
235 2303 244 2318 ,
267 2283 418 2319 Archiv,
442 2280 528 2312 1826.
554 2277 611 2309 Bd.
636 2276 773 2308 XVllI.
796 2287 829 2316 p.
850 2286 921 2317 ²99·
943 2283 1010 2314 seq.

191 2347 288 2374 nus,
681 2331 719 2369 G
