1487 2625
194 209 240 254 76
416 206 1075 245 COMMENTATIO

195 314 234 352 in
258 315 452 353 Socrate
479 313 648 351 effectum
679 326 830 362 quoque
857 326 932 352 non
964 316 1127 356 affuisse.
1180 320 1296 358 Porro

193 385 341 421 eandem
373 383 518 421 videbat
542 383 576 419 in
607 385 705 421 omni
733 396 850 422 rerum
878 393 1005 423 natura
1033 387 1296 428 manifestatam

192 453 406 500 sapientiam
439 463 473 490 et
502 454 785 501 benignitatem,
814 456 960 491 eosdem
985 456 1100 504 fines,
1130 459 1175 496 ad
1199 472 1294 507 quos

187 521 309 559 onmia
335 524 542 560 tenderent.
598 524 829 560 Observabat
863 525 1002 571 ubique
1039 528 1192 565 eandem-
1216 529 1296 577 jusss

186 592 301 629 titiam
320 621 332 638 ‚
375 604 447 639 qua
482 593 584 630 fieret
599 621 611 639 ‚
641 601 683 630 ut
705 604 772 640 per
796 604 939 631 omnem
964 603 1139 634 terrarum
1158 598 1292 636 'orbem'

151 659 153 664 ’
184 663 326 700 eaedem
372 665 469 711 leges
507 662 652 701 divinae
692 671 787 700 ratae
827 663 1078 712 haberentur,
1128 674 1165 704 et
1201 667 1294 706 boni

183 733 354 780 praemiis
404 741 622 771 ornarentur
638 761 649 779 ‚
711 732 815 780 pravi
863 734 995 780 poenis
1047 734 1292 775 afficerentur:

183 801 283 839 Haec
317 802 436 840 omnia
469 812 567 840 certe
600 804 740 840 ducunt
779 803 822 840 ad
859 804 1133 849 agnoscendum
1179 818 1292 843 unum

183 871 319 910 Deum.

232 940 350 979 Simul
383 950 503 980 tamen
536 951 709 989 constat,
750 943 980 981 Socratem
1017 945 1118 983 Deos
1145 946 1286 994 patrios

182 1011 353 1059 religiose
379 1012 542 1050 coluisse
565 1014 656 1060 (1);
686 1024 814 1050 omnes
841 1015 968 1052 cultos
996 1014 1137 1062 publici
1166 1026 1289 1065 partes

179 1090 347 1119 accurate
369 1082 587 1130 peragebat,
615 1083 815 1129 sacrificia,
845 1094 997 1131 preces,
1026 1085 1290 1126 divinationes.v

180 1150 354 1198 Eumque
374 1152 460 1189 haec
482 1163 526 1188 ex
547 1159 629 1188 toto
663 1153 785 1189 animo
808 1162 842 1189 et
865 1164 940 1190 non
960 1153 1130 1192 simulata
1151 1155 1288 1203 pietate

177 1218 337 1266 fecisse,
387 1232 464 1258 non
506 1221 664 1259 invidIae
699 1230 842 1258 tantum
878 1223 1110 1260 detestandae
1150 1233 1292 1273 causa‚²

178 1289 336 1327 declarat
361 1298 438 1327 tota
464 1291 543 1339 ejus
573 1291 745 1338 indoles;
788 1302 868 1328 nam
896 1291 927 1328 is
943 1319 956 1337 ‚
997 1293 1063 1339 qui
1087 1304 1133 1331 ne
1158 1295 1287 1333 mortis

179 1357 327 1404 quidem
355 1358 521 1406 periculo
555 1369 595 1395 se
618 1358 810 1396 absterreri
836 1358 981 1397 sinebat
1004 1360 1048 1398 ab
1073 1373 1117 1399 eo
1134 1390 1147 1409 ,
1186 1364 1288 1410 quod

178 1435 317 1465 rectum
358 1427 575 1474 bonumque
609 1427 861 1475 existimabat,
899 1439 996 1467 certe
1036 1433 1141 1469 nullo
1176 1434 1288 1471 modo

178 1497 384 1543 permoveri
410 1497 554 1545 potuit,
586 1506 628 1534 ut
652 1498 753 1535 Deos
782 1500 945 1546 coleret,
975 1511 1070 1546 quos
1103 1512 1178 1538 non
1205 1513 1286 1539 esse

178 1566 251 1602 sibi
279 1578 492 1614 persuasum
520 1566 670 1604 haberet
688 1595 701 1614 ‚
727 1576 762 1604 et
785 1568 838 1604 sic
864 1579 1009 1623 sommo
1030 1569 1185 1607 Numini
1206 1571 1286 1608 cul-

178 1637 241 1673 tfis
278 1636 392 1674 debiti
425 1646 563 1683 partem
597 1636 815 1674 detraheret.
870 1637 1084 1684 Praeterea,
1127 1648 1169 1676 ut
1196 1651 1283 1679 mox

175 1706 408 1752 videbimus,
451 1717 525 1743 non
566 1717 677 1743 unum
716 1706 888 1743 omnibus
929 1707 1008 1744 Deo
1037 1708 1177 1745 cultum
1204 1721 1285 1748 esse

177 1776 434 1824 praestandum
462 1777 631 1820 dicebat,
660 1776 724 1813 sed
747 1775 855 1813 variis
877 1776 1041 1821 varium,
1069 1788 1137 1824 pro
1163 1778 1286 1816 diver-

176 1846 227 1884 sis
262 1846 452 1884 civitatum
491 1846 652 1893 legibus.
734 1846 765 1883 E
809 1845 946 1892 quibus
983 1847 1177 1894 probabile
1215 1848 1284 1896 fit,

177 1917 418 1953 Socratem
446 1917 572 1963 plures
601 1926 681 1952 esse
709 1916 810 1953 Deos
836 1915 1049 1955 credidisse.

226 1988 279 2024 At
303 1998 390 2024 vero
417 1998 483 2023 cur
512 1986 767 2032 Socrates,
808 1997 921 2032 quum
951 1999 1061 2023 unam
1093 1990 1167 2026 vt'm
1191 1988 1286 2027 divi-

177 2069 288 2102 nam,
306 2056 427 2093 omnia
441 2064 606 2103 agentem
625 2083 638 2102 ‚
667 2054 808 2102 ubique
835 2055 1039 2103 efficacem,
1068 2066 1285 2105 agnosceret

177 2136 214 2163 et
240 2127 483 2174 persentiret,
521 2135 596 2162 non
629 2125 715 2162 item
753 2125 902 2173 agnovit
943 2138 1054 2163 unam
1085 2137 1291 2177 personam

1216 2195 1284 2233 Di-

221 2278 270 2318 (1)
307 2276 357 2306 Cf.
379 2278 474 2306 Elem.
501 2276 526 2305 Ι.
550 2285 577 2305 c.
605 2284 634 2306 ι.
663 2277 694 2316 §·
716 2284 744 2305 2.
