1487 2625
394 178 991 255 THEOLOGICA.
1205 226 1254 268 ³5

130 319 217 368 quia
253 320 332 370 ejus
371 321 576 360 sententiae
612 322 658 359 de
688 333 726 359 re
763 322 893 361 morali
933 330 1007 360 tam
1040 332 1139 362 arcte
1161 337 1245 366 cum

127 389 210 438 ejus
247 390 439 439 religionis
475 391 643 430 doctrina
683 392 909 440 cohaerent,
946 401 1015 440 ut,
1057 393 1133 445 nisi
1170 395 1245 434 illis

125 460 358 508 perspectis,
386 460 474 499 haec
500 461 658 509 intelligi
684 470 858 509 nequeat.
887 484 939 493 -

620 587 656 634 §.
696 599 734 625 2.

346 697 528 750 Quomodo
555 700 650 740 Deos
675 712 746 740 esse
767 701 1022 752 probaverit?

166 834 248 874 Hac
272 837 317 875 de
343 849 381 875 re
412 837 636 875 Socrates
664 837 829 886 disputat
863 849 947 876 cum
988 839 1236 878 Aristode-

113 915 183 944 mo
218 908 313 954 (1),
357 918 466 954 quem
502 919 616 955 quum
651 908 818 945 Deorum
861 909 1003 946 cultum
1050 910 1234 959 negligere

113 985 150 1014 et
197 985 433 1016 contemnere
484 977 729 1023 cognovisset
747 1007 760 1025 ,
823 979 867 1016 ad
916 977 1022 1016 aliam
1072 988 1231 1018 mentem

113 1046 316 1094 perducere
366 1056 549 1096 conatnr3
598 1057 634 1085 et
673 1048 705 1086 ei
747 1048 944 1094 ostendit,
999 1060 1083 1087 cum
1129 1049 1232 1089 Deos

111 1127 218 1162 esse,
249 1125 325 1154 tum
355 1128 414 1155 res
441 1118 619 1155 humanas
646 1129 801 1165 curare,
830 1127 865 1156 et
881 1119 985 1156 cultu
1003 1130 1229 1168 prosequen-

110 1185 179 1223 dos
220 1197 317 1225 esse.
379 1187 476 1224 Illud
523 1187 672 1234 quidem
723 1187 776 1225 sic
813 1188 1040 1237 aggreditur.
1104 1190 1230 1239 Rogat

110 1252 460 1293 Aristodemum
479 1284 491 1302 ,
546 1267 635 1293 num
691 1257 768 1294 sint
804 1258 999 1304 homines,
1049 1271 1146 1307 quos
1178 1260 1227 1297 ob

107 1324 325 1372 sapientiam
358 1325 589 1364 admIretur‘?
629 1327 731 1373 quod
761 1338 876 1373 quum
906 1329 966 1365 ille
989 1328 1226 1377 affirmasset,

106 1402 144 1432 et
170 1388 351 1432 artificum
383 1395 614 1443 quorundam
645 1395 797 1433 nomina
826 1390 1036 1444 laudasset,
1064 1399 1228 1438 Socra-

106 1473 178 1503 tes
207 1465 374 1512 quaerit,
417 1463 565 1512 quinam
590 1465 706 1513 magis
729 1466 970 1504 admiratione
993 1467 1096 1517 digni
1121 1471 1224 1516 sint,

96 1535 169 1583 oqui
203 1534 397 1573 simulacra
436 1534 568 1572 mentis
606 1536 810 1583 mottlsque
850 1538 1043 1583 expertia,
1083 1547 1129 1574 an
1166 1537 1223 1585 ii,

105 1604 170 1652 qui
223 1605 422 1642 animantia
472 1604 617 1642 ratione
666 1614 704 1642 et
752 1614 859 1643 motu
900 1606 1061 1654 praedita
1110 1605 1223 1646 effor-

104 1682 219 1711 ment.
273 1674 649 1722 Aristodemus,
686 1676 757 1724 jam
787 1676 946 1723 videns,
988 1688 1064 1723 quo
1099 1678 1222 1716 tendat

103 1744 268 1782 Socratis
309 1745 456 1791 oratio,
497 1747 725 1794 respondet,
767 1746 835 1783 hos
862 1747 973 1793 longe
1003 1735 1118 1795 magis
1139 1759 1221 1786 esse

101 1813 342 1852 admiratione
369 1815 531 1863 dignos,
571 1817 601 1854 si
625 1828 758 1864 nempe
785 1827 861 1853 non
887 1827 1004 1862 casu,
1043 1817 1108 1853 sed
1132 1828 1221 1865 pru-

101 1884 202 1923 denti
236 1885 395 1921 consilio
422 1884 518 1928 ¹haec
555 1885 777 1923 exstiterint.
843 1885 971 1934 Quum
1010 1884 1122 1932 igitur
1163 1885 1217 1923 sic

98 1954 306 2003 aperuisset
348 1953 517 2001 fontem,
568 1956 668 1993 'unde
715 1955 884 1993 manabat
931 1957 1001 1992 iste
1051 1956 1214 1993 Deorum

97 2026 226 2063 cultus
247 2033 486 2070 contemtus,
525 2035 660 2071 nempe
685 2025 786 2071 quod
813 2024 1025 2070 dubitaret,
1064 2037 1106 2062 an
1137 2037 1216 2064 non

96 2096 186 2134 haec
219 2095 368 2142 omnia,
412 2106 506 2143 quae
547 2095 584 2132 in
625 2107 741 2132 reru-n
777 2104 901 2133 tantur-1
927 2100 1085 2143 adsunt,
1124 2107 1214 2134 casu

97 2166 251 2214 potius,
299 2177 408 2214 quam
459 2174 611 2203 naturae
658 2166 850 2214 cujusjam
900 2166 1105 2213 superioris
1142 2166 1210 2212 vi,

1151 2245 1213 2277 ex*

138 2304 186 2345 (ι)
211 2304 478 2336 Memorabilium
501 2304 530 2336 I.
555 2315 585 2337 c.
606 2305 640 2337 4.

605 2364 637 2403 C
668 2377 689 2405 2
