1487 2625
191 241 215 277 4
594 209 911 264 PRAEFATYO.

200 336 362 385 diciique
385 336 483 375 vires
506 343 541 373 et
567 335 656 372 artis
684 334 863 383 praesidia
890 333 1103 382 intendere,
1141 343 1180 372 ut
1216 343 1320 372 certa>

203 432 243 458 ac
271 431 357 458 vera
384 418 594 467 proferatur
620 416 811 456 sententia.

251 503 357 552 Quae
393 512 477 539 cum
518 500 568 537 ita
604 499 703 545 sint,
746 499 851 537 valde
890 510 998 545 quam
1027 498 1167 546 placuit
1198 498 1313 544 mihi,

204 596 315 632 quam
341 583 581 621 Medicorum
611 582 702 619 ordo
729 581 930 629 proposuit
957 580 1150 628 quaestio:

256 667 478 714 „Accurate
506 674 737 713 exponantur
764 663 895 710 signa,
935 675 1017 700 cum
1051 663 1313 712 pathoiogica‚

205 757 320 796 „tum
356 747 546 796 chemica,
590 747 729 795 quibus
769 746 986 784 veneficium
1025 747 1249 794 arsenicale,
1278 746 1316 784 in

208 859 232 878 „
248 831 332 870 foro
349 859 361 877 ‚
391 839 493 868 certo
520 830 669 877 probari
696 829 835 877 possit.
862 830 970 878 Quae
994 840 1083 868 vero
1107 841 1151 867 ex
1175 829 1317 867 chemia

205 921 422 962 „petuntur
447 914 553 960 signa
581 913 701 960 ipsius
729 912 892 950 auctoris
919 912 1181 960 experimentis
1207 915 1315 950 etiam

207 995 419 1044 „illustrari
442 994 546 1043 cupit
573 993 787 1032 Facultas.'’

249 1075 349 1116 Cum
382 1078 506 1124 itaque
548 1076 641 1113 bene
681 1076 959 1124 perspicerem,
1003 1085 1180 1123 quantum
1223 1077 1313 1115 mihi

201 1158 438 1197 emolumenti
462 1159 638 1195 allaturus
660 1167 756 1196 esset
780 1158 884 1195 labor
908 1156 1116 1205 praecipuis
1144 1155 1315 1196 fontibus

200 1242 420 1290 impensus,
480 1253 499 1278 e
542 1240 699 1289 quibus,
741 1242 785 1279 acl
825 1242 1055 1288 probandum
1096 1242 1315 1281 veneficium

202 1323 367 1362 omnium
410 1323 752 1371 frequentissimum
803 1323 1024 1362 hauriuntur
1079 1333 1317 1372 argumenta,

206 1415 352 1455 tempus
388 1406 476 1445 mihi
512 1416 703 1454 superstes
727 1407 863 1455 majore
889 1419 972 1445 cum
1000 1407 1122 1445 fructu
1144 1409 1319 1447 consumi-

201 1489 398 1528 arbitratus
421 1500 502 1526 sum
517 1517 528 1535 ,
557 1501 653 1537 opus
681 1491 771 1527 illud
795 1491 992 1538 tentando,
1015 1502 1124 1537 quam
1144 1500 1183 1529 ut
1199 1492 1320 1529 inani·

200 1571 272 1609 bus
300 1571 526 1619 indulgerem
555 1572 825 1620 voluptatibus·

254 1652 456 1699 Ordinem,
498 1663 541 1692 ut
584 1666 627 1692 ex
662 1655 711 1691 rei
745 1664 871 1693 natura
894 1656 1056 1694 nascitur
1080 1666 1116 1695 et
1144 1658 1318 1706 quaestio-

202 1734 369 1781 indicat,
406 1747 512 1783 quam
551 1736 718 1784 proxime
764 1738 869 1784 sequi
904 1748 1058 1777 conatus
1092 1752 1199 1786 sum,
1225 1752 1310 1779 cum

202 1817 325 1864 primo
354 1826 491 1864 partem
520 1819 789 1867 pathologicam
817 1821 1078 1868 exposuerim,
1110 1822 1310 1860 chemicam

197 1898 351 1945 deinde,
378 1908 489 1946 atque
515 1900 627 1948 hujus
651 1902 776 1949 signa,
808 1904 1066 1951 experimentis
1098 1904 1312 1953 institutis,

197 1982 278 2030 ipse
301 1982 560 2030 indagaverim.
625 1982 737 2031 Quod
771 1996 852 2021 cum
892 1984 1043 2023 facerem
1083 1985 1151 2023 alia
1185 1986 1310 2024 inveni

195 2064 435 2111 confirmata,
465 2066 586 2103 minus
615 2076 713 2104 recte
747 2067 903 2105 indicata
929 2068 1010 2107 alia.
1039 2069 1161 2107 Doleo
1189 2078 1313 2108 tamen

198 2153 347 2192 tempus
379 2145 470 2183 mihi
505 2146 690 2193 defuisse,
731 2158 772 2186 ut
816 2151 1020 2188 accuratius
1053 2150 1312 2201 investigarem

197 2226 378 2274 reagentiav
401 2229 444 2266 ad
469 2229 701 2269 indicandum
727 2231 867 2269 acidum
901 2234 1101 2272 arsenicum
1137 2236 1310 2282 laudata,

1219 2330 1241 2356 n
1246 2330 1306 2356 um
