1487 2625
257 196 303 222 20
473 182 1134 222 COMMENTATIO

260 300 397 328 ceteras
433 302 586 336 omnes,
623 302 715 336 quae
742 291 776 326 in
809 292 998 328 solutione
1030 291 1236 340 habentur,
1271 294 1359 331 sub·

260 361 409 399 stantius
433 361 534 408 prius
560 359 763 405 relinquit,
789 371 897 406 quam
923 360 1219 399 Creosotum.

750 524 788 571 ἕ.
827 535 866 571 7.

256 654 315 691 De
334 655 506 705 parandi
531 658 699 705 ratione,
754 658 947 696 secundum
978 659 1259 698 Bfichnerum
1278 660 1359 708 (1).

304 808 369 846 Pix
393 809 532 856 liquida
560 808 817 857 (potissimum
843 821 907 856 ea,
937 821 1029 857 quae
1061 821 1107 847 ex
1137 809 1230 846 duro
1259 808 1361 856 ligno

253 887 375 925 parata
402 887 487 925 est,
515 891 560 916 ex
584 890 680 926 qua,
708 880 911 916 secundum
939 879 1264 924 Buchnmum,
1292 889 1362 925 pu·

253 947 330 984 rius
357 948 478 986 Creo
491 957 641 985 sotum
677 948 834 995 separari
871 957 1022 996 potest,
1062 959 1170 996 quarn
1200 959 1244 985 ex
1276 946 1360 992 iila,

252 1028 345 1064 quae
378 1017 581 1064 acquiritur
608 1029 626 1055 e
653 1017 769 1056 Pino
795 1017 1055 1066 Silvestri)
1081 1018 1287 1056 destilletur
1312 1018 1362 1053 le-

253 1085 347 1123 niter
378 1086 416 1123 in
442 1087 558 1123 aheno
586 1085 707 1124 ferreo
737 1088 820 1135 (ε).

303 1155 489 1204 Quamdiu
527 1156 749 1192 destinatum
789 1167 904 1203 aquae
938 1165 1176 1204 supernatet,
1218 1167 1363 1204 separe-

253 1234 344 1271 tur,
372 1233 407 1262 et
433 1234 510 1263 tum
539 1226 683 1262 demum
704 1224 929 1271 colligatur,
960 1235 1072 1270 quum
1098 1224 1134 1261 in
1160 1236 1252 1271 aqua
1275 1223 1363 1262 fun-

255 1285 341 1331 dum
367 1293 476 1342 petit.
541 1294 719 1331 Procedat
749 1293 974 1339 destillatio,
1004 1304 1121 1340 usque
1154 1294 1240 1330 dum
1274 1293 1363 1330 resi·

251 1363 363 1400 duum
401 1363 437 1400 in
475 1371 611 1400 retorta
645 1363 866 1401 consolidari
905 1363 1085 1410 coeperit.
1139 1362 1295 1409 Oleum,
1324 1363 1361 1399 in

253 1434 349 1479 aqua
379 1432 532 1471 fundum
561 1443 719 1482 petens,
750 1433 845 1470 bene
875 1432 1109 1470 concutiatur
1137 1443 1221 1469 cum
1251 1443 1362 1480 parva

255 1502 459 1550 quantitate
482 1503 575 1541 acidi
609 1502 815 1551 sulphurici
842 1501 1066 1540 concentrati
1083 1529 1095 1547 ,
1123 1500 1264 1538 scilicet
1290 1503 1364 1538 una

256 1583 325 1619 pro
355 1585 427 1610 200
455 1574 512 1609 vel
541 1585 611 1620 300
639 1573 835 1620 partibus,
876 1573 957 1609 dein
993 1571 1182 1620 adjiciatur
1214 1572 1362 1619 aequale

252 1654 368 1688 aquae
398 1643 598 1686 volumen,
640 1653 674 1679 et
712 1643 859 1679 miscela
899 1643 936 1678 in
971 1641 1178 1678 minoribus
1213 1641 1362 1678 retortis

252 1712 379 1748 vitreis
407 1711 624 1748 destssietur.

302 1780 407 1827 Quae
441 1782 605 1827 operatio
642 1780 794 1818 Inservit
829 1779 1070 1827 separarando
1103 1779 1186 1816 oleo
1215 1780 1259 1816 ab
1286 1791 1361 1816 am·

253 1848 399 1896 monia,
429 1859 465 1887 ct
494 1850 538 1886 ab
571 1851 654 1886 oleo
692 1849 1000 1898 empyreumatico
1027 1848 1168 1886 basico.
1222 1849 1360 1887 Destil-

248 1921 360 1956 latum
391 1918 571 1957 transiens
595 1929 629 1957 et
663 1919 699 1957 in
724 1933 817 1967 aqua
848 1919 1000 1957 fundum
1034 1928 1163 1967 petens
1191 1919 1358 1956 solvatur

250 1999 348 2025 nunc
382 1989 417 2026 in
452 1988 578 2027 lixivio
618 1999 765 2037 potasse
805 1990 1012 2035 causticae,
1041 1988 1144 2036 prius
1181 1986 1357 2025 calefacto

1268 2068 1355 2103 1‚12

295 2126 344 2164 ἧι)
368 2125 460 2155 Conf.
491 2125 569 2165 Ejus
594 2128 823 2167 Repertoriun:
841 2128 903 2167 [ιζ]-
928 2127 979 2155 (lie
1004 2126 1221 2161 Pharmacie,
1264 2125 1357 2155 Tom.

252 2177 382 2208 XLIX.
417 2189 447 2216 p.
474 2179 591 2220 85—89·
665 2179 812 2208 Journal
839 2181 876 2208 (le
904 2179 1122 2214 Pharmacie,
1158 2178 1239 2207 Julii
1267 2177 1355 2209 1834.

250 2241 282 2269 p.
298 2232 453 2263 400-402.
495 2234 635 2263 Pharm.
653 2233 835 2261 Centralbl.
859 2233 921 2262 ΝΟ.
935 2231 983 2260 55.
1007 2243 1039 2270 p.
1054 2232 1124 2261 868.

292 2286 340 2324 (2)
366 2283 442 2315 Vid.
469 2288 490 2314 B
506 2286 681 2323 iichner,
702 2287 836 2325 Repete.
859 2285 950 2315 Tom-
970 2284 1094 2315 xLix.
1116 2295 1147 2324 p.
1163 2284 1215 2316 84.

661 2342 668 2359 Ι
