1487 2625
238 203 275 229 v1
478 191 1118 232 INTRODUCTIO.

241 303 451 352 attingerem
497 304 632 350 scripta
666 312 829 338 veterum
882 303 1050 339 evolvere
1084 310 1195 349 atque
1228 311 1351 338 recen·

241 379 374 411 tiorum
418 372 699 410 observationes
741 383 806 418 pro
855 371 994 408 viribus
1041 370 1215 418 colligere
1251 372 1349 409 haud

243 443 423 480 dubitavi.

292 513 425 559 Neque
469 523 570 559 spem
609 511 736 548 fefellit
775 521 951 548 eventus:
1008 510 1140 547 etenim
1189 520 1235 546 ex
1274 509 1345 547 illis

239 596 332 629 qnae
367 582 530 630 undique
559 583 799 628 collegeram‚
840 580 1087 617 certissimum
1123 579 1213 616 illud
1255 577 1345 616 mihi

240 652 388 699 patuit,
426 664 444 689 a
496 650 756 688 remotissimis
790 652 861 700 jam
913 651 995 687 inde
1029 649 1260 697 temporibus
1293 660 1348 686 ea-

239 723 319 760 dem
357 721 434 759 fere
464 722 685 758 indicatione
706 749 718 767 .,
755 723 828 768 qud
865 720 977 758 hodie
1003 719 1258 767 Creosotum,
1285 731 1348 757 va-

237 793 307 829 rias
357 792 539 830 adhibitas
577 791 694 830 fuisse
732 791 986 837 substantias⁷
1016 790 1130 838 magis
1180 790 1349 828 minusve

240 863 330 901 illud
379 862 600 911 principium
659 862 918 910 continente53
960 863 1033 898 imo
1077 862 1148 910 iam
1186 870 1351 908 tempore

238 933 529 971 Dioscoridis
585 932 776 979 cognitum
820 931 937 969 fuisse
986 933 1144 976 oleum,
1209 931 1352 980 (Pisse-

239 1006 343 1042 lacon
372 1003 536 1051 dictum)
564 1003 624 1040 vix
651 1004 694 1040 ab
730 1003 792 1039 illo
821 1001 1035 1048 diversum,
1065 1004 1115 1039 ita
1137 1001 1284 1049 quidem
1309 1009 1351 1039 ut

240 1081 318 1128 ejus
342 1077 439 1116 vires
466 1077 505 1113 in
538 1087 608 1112 usu
635 1072 915 1120 therapeutie0,
932 1083 1048 1120 aeque
1072 1083 1111 1108 ac
1138 1071 1353 1109 oeconomi-

238 1162 283 1187 co
302 1177 314 1195 .,
338 1148 477 1194 ubique
508 1146 597 1182 adeo
617 1144 839 1188 laudentur,
869 1151 910 1179 ut
944 1143 1024 1191 ejus
1054 1142 1178 1179 laudes
1205 1141 1349 1188 quidem

241 1220 473 1258 confirmatas
513 1226 547 1252 et
585 1223 777 1259 extensas,
809 1211 871 1250 vix
912 1219 1031 1248 autem
1067 1221 1183 1248 novas
1210 1211 1351 1249 additas

241 1292 356 1329 fuisse
395 1297 556 1336 putares.

289 1361 416 1410 Quum
444 1365 564 1395 autem
597 1355 641 1391 ad
678 1354 794 1401 ipsam
834 1363 951 1388 rerum
996 1351 1266 1399 expositionem
1295 1363 1352 1389 ac.

239 1432 434 1474 cederem,
458 1425 669 1465 admonitus
708 1421 885 1471 perce-pi,
926 1421 1034 1459 nimis
1077 1432 1134 1458 me
1180 1433 1199 1458 a
1235 1433 1352 1469 scopo

242 1481 470 1550 quaestionis
507 1494 722 1545 propositae
755 1492 1004 1529 aberraturum
1049 1500 1083 1527 et
1123 1491 1191 1528 mei
1229 1491 1352 1538 operis

240 1583 378 1622 partem
403 1570 497 1608 illam
517 1596 527 1614 ‚
557 1564 736 1603 molestiis
760 1564 932 1610 plenam,
956 1562 1014 1598 hic
1045 1571 1119 1597 non
1144 1572 1256 1607 posse
1290 1562 1352 1599 ad-

241 1643 350 1682 mitti.

296 1713 355 1750 'Ne
398 1719 545 1753 antem,
573 1716 665 1752 quae
698 1712 951 1741 annotaveram
989 1712 1142 1749 prorsus
1169 1700 1350 1738 oblivioni

244 1783 493 1823 traderentur,
522 1783 650 1814 contra
678 1785 764 1810 vero
797 1781 838 1809 ut
880 1772 959 1809 aliis
996 1771 1151 1808 forsitan
1179 1771 1352 1809 inservire

244 1861 397 1905 possent
415 1880 427 1897 ‚
467 1849 591 1887 fontes
613 1876 625 1893 ,
667 1857 709 1883 ex
744 1844 881 1891 quibus
917 1843 1046 1888 hausi,
1072 1843 1173 1880 hisce
1194 1842 1318 1880 addam
1336 1870 1349 1888 ‚

243 1936 339 1974 qnos
365 1922 494 1960 adeant
511 1947 522 1965 ‚
552 1917 617 1965 qui
642 1917 746 1964 plura
765 1923 800 1951 et
828 1913 888 1951 illa
907 1915 1004 1950 lectu
1030 1923 1116 1949 sane
1140 1911 1354 1960 dignissima

240 2000 283 2035 de
304 1997 413 2032 hacce
440 2003 480 2028 re
516 1988 644 2027 velint.

294 2067 344 2103 At
380 2072 467 2099 vero
498 2058 588 2096 illud
626 2055 808 2094 monitum
842 2053 1145 2102 praemittendum
1192 2053 1355 2099 putavi,

245 2149 301 2173 me
338 2135 373 2170 in
416 2128 574 2168 citandis
611 2126 767 2165 diversis
816 2122 1030 2161 auctoribus
1068 2131 1171 2159 antea
1203 2120 1351 2167 quidem

247 2207 350 2243 talem
386 2200 548 2239 ordinem
585 2196 702 2235 fuisse
735 2202 932 2238 secutum,
990 2203 1060 2240 qua
1096 2202 1163 2238 pro
1196 2190 1351 2238 regulari

247 2285 363 2315 reruni
393 2269 629 2318 expositione
653 2265 724 2304 sibi
759 2265 861 2302 etiam
891 2264 1170 2309 insequerentur
1194 2262 1272 2297 loca
1305 2260 1355 2297 ci-

1304 2339 1354 2365 ta*-
