1487 2625
229 199 285 240 30
484 193 619 238 ADR.
657 191 823 236 CATH.
853 190 1113 237 HOLTIUS

287 328 333 373 Si
359 328 626 371 domesticam
664 327 848 371 scholam
882 327 1133 380 voluissent,
1165 327 1343 373 Hollan-

236 405 327 449 diae
367 404 678 448 necessitatibus
727 403 921 447 idoneam
937 433 950 456 ,
994 404 1094 448 satis
1139 411 1227 449 erat
1270 420 1340 450 eas

234 481 470 540 disciplinas
516 480 686 533 doceri,
734 495 840 536 quae
880 480 997 524 utiles
1033 480 1271 526 viderentur
1294 482 1340 526 in

230 558 478 612 Hollandia3
504 571 609 614 quae
643 557 697 601 ad
731 556 961 601 Hollandos
988 557 1177 602 homines
1201 559 1338 604 minus

229 635 504 694 pertinerent,
523 635 839 693 postponendae
856 641 973 678 erant
986 642 1056 677 aut
1070 634 1334 682 omittendae.

231 712 375 768 ltaque
412 710 546 769 patria
579 710 741 767 lingua,
769 709 1009 762 dialective‚
1041 705 1228 755 historia¹
1250 707 1337 771 pa-

230 789 358 840 triae,
399 802 490 831 cum
530 787 742 831 universae
785 794 871 831 tum
899 787 1097 844 cujusque
1121 788 1334 847 regionis,

228 865 364 925 patria
391 879 521 924 porro
547 865 661 921 jura,
693 872 778 907 tam
803 864 917 909 civile
941 880 1065 921 quam
1096 866 1332 924 publicum,

230 950 269 988 et
293 942 327 987 si
355 958 436 999 qua
464 942 541 985 alia
559 941 785 986 domestica
799 949 920 995 sunt,
948 943 991 985 in
1009 944 1245 989 academica
1261 945 1332 989 in·-

227 1018 436 1063 stitutione
477 1017 558 1062 sibi
594 1017 825 1076 principem
868 1019 1005 1063 locum
1038 1020 1328 1068 vindicassent.

226 1097 379 1140 Verum
409 1095 452 1138 in
484 1095 704 1138 academiis
726 1095 879 1140 nostris
910 1097 1047 1140 omnia
1075 1098 1153 1141 alia
1180 1114 1336 1148 evene-,

226 1181 343 1218 runt:
375 1181 420 1216 ut
457 1187 535 1231 par
566 1179 679 1225 erat,
719 1188 844 1229 quam
871 1173 1048 1231 primum
1076 1173 1118 1217 id
1154 1183 1329 1220 consta-

225 1259 316 1304 ret,
342 1251 455 1307 quod
480 1257 725 1308 perpetuum
755 1249 880 1294 fuisse
908 1250 1189 1306 ostendimus,
1222 1252 1330 1297 doc-

224 1336 336 1372 tores
362 1327 623 1372 adhibendos
648 1342 735 1370 esse
753 1341 837 1370 non
854 1328 987 1385 magis
1005 1328 1188 1388 Batavos
1203 1345 1326 1386 quam

223 1405 478 1464 Europaeos.
539 1404 650 1461 Quin
686 1404 779 1463 ipsa
805 1405 869 1448 lex
897 1405 1088 1464 publica,
1126 1407 1178 1451 de
1206 1407 1328 1451 ordi-

223 1485 360 1528 nanda
378 1482 678 1534 Universitate‚
701 1482 923 1540 plerosque
947 1482 1204 1540 professores
1225 1498 1323 1528 ver-

222 1562 391 1606 naculae
432 1560 594 1617 linguae
637 1558 850 1616 imperitos
877 1559 966 1602 fore
991 1567 1122 1617 putat.
1182 1560 1326 1604 Disci-

222 1638 356 1697 plinas
386 1644 521 1680 autem
556 1650 641 1679 non
671 1635 768 1679 alias
794 1635 1043 1693 praescribit
1069 1652 1192 1693 quam
1216 1652 1324 1694 quae

221 1724 307 1760 tum
339 1713 610 1758 communiter
639 1711 682 1755 in
716 1712 911 1771 Europae
944 1696 1322 1768 Uniirei'sitatibus,

221 1808 297 1852 per
311 1799 489 1849 quatuor
509 1789 836 1841 Facultates,
865 1804 970 1846 quae
989 1798 1213 1845 vocantur,
1240 1792 1322 1835 do·-

202 1870 304 1915 ceri
330 1869 533 1913 solebant.
575 1866 623 1910 In
654 1866 988 1925 Jurisprudentia
1006 1899 1018 1920 ‚
1047 1867 1097 1912 de
1122 1884 1204 1925 qua
1232 1869 1322 1914 sola

222 1949 359 1992 dicere
380 1946 514 1998 malo,
537 1946 612 1988 Jus
631 1943 869 1988 Romanum
886 1944 1101 2002 placebat,
1120 1952 1319 2002 tanquam

219 2025 282 2080 jus
319 2038 394 2082 per
424 2021 637 2078 Europam
673 2019 827 2078 passim
864 2027 1102 2079 receptu1n3
1141 2028 1183 2066 at
1219 2022 1318 2067 item

221 2100 474 2146 Canonicum
491 2130 503 2152 ,
523 2098 704 2154 itemque
732 2096 934 2141 Feudale:
960 2112 1139 2155 namque
1158 2099 1319 2144 ethaeo

220 2180 440 2236 Eur-opaea
465 2191 575 2229 esse,
608 2174 925 2232 intelligebatur.
961 2174 1047 2218 Nec
1071 2182 1208 2219 tamen
1228 2183 1318 2220 sta-

218 2255 316 2306 tim,
356 2253 426 2297 sed
460 2250 683 2295 identidem
723 2256 932 2294 crescente
956 2250 1189 2305 academia,
1233 2267 1315 2311 pro
