1487 2625
227 242 273 284 98
448 235 1103 275 COMMENTATIO

229 345 273 382 de
305 345 457 393 singulis
491 344 561 390 iis,
591 355 682 390 quae
715 344 750 380 in
789 345 846 382 illa
882 345 1028 383 adsunt.
1084 345 1185 384 Haec
1211 354 1334 386 autem

230 415 372 462 singula
406 425 619 461 spectasse,
671 425 747 450 non
781 413 938 452 sufficit:
991 415 1133 463 singula
1173 425 1335 464 possunt

230 495 309 522 esse
332 484 528 528 laudanda,
557 494 593 520 et
623 491 742 520 tamen
769 483 806 520 in
838 486 1013 522 universa
1039 484 1206 522 doctrina
1220 487 1334 524 multa

230 555 382 599 deesse,
433 553 546 591 multa
596 552 714 589 inesse
762 564 888 600 prava.
958 551 1180 591 Universam
1222 555 1335 603 igitur

230 623 439 662 Socratis
466 623 670 660 doctrinam
696 623 939 671 contemplari
967 623 1172 671 debemus,
1201 633 1241 663 ut
1267 625 1336 672 rite

229 693 392 740 liqueat,
433 692 524 738 quid
559 693 605 730 de
638 705 675 730 ea
713 693 762 729 sit
791 693 1045 742 judicandum.
1100 694 1184 732 Hoc
1213 703 1337 734 autem

229 764 369 811 optime
409 762 526 800 facere
565 774 798 810 possumus,
847 763 879 800 si
913 763 1109 810 videmus,
1160 774 1336 812 quaenam

228 832 301 878 sit,
330 833 367 870 in
394 833 614 870 Soc-ratis
641 833 832 880 doctrina,
873 833 967 871 inter
986 841 1152 872 naturam
1175 833 1336 874 divinam

229 911 264 939 et
288 902 455 939 homines
481 902 714 950 conjunctio.
769 903 983 951 conjunccio
1022 902 1117 940 enim
1151 904 1336 954 hominum

225 985 307 1009 cum
342 972 422 1009 Deo
457 972 555 1009 varia
590 980 661 1009 est.
708 972 829 1010 Aliter
853 972 1027 1020 profecto
1060 984 1146 1011 cum
1179 974 1264 1012 Deo
1290 985 1337 1020 ¹se

225 1042 465 1090 conjunctum
502 1043 614 1079 sentit
653 1042 845 1089 Graecus,
886 1043 950 1090 qui
973 1044 1094 1081 Deum
1113 1043 1206 1082 colit
1229 1043 1335 1084 festis

225 1111 327 1148 laetis
355 1120 390 1148 et
416 1112 621 1157 hilaribus,
650 1112 746 1151 ludis
773 1112 955 1161 gymnicis
977 1121 1014 1151 et
1039 1113 1220 1161 musicis,
1243 1114 1336 1152 cho-

226 1181 277 1217 ris
302 1189 338 1217 et
362 1182 648 1228 saltationibus,
678 1182 782 1220 aliter
811 1181 954 1228 Indus,
982 1181 1236 1229 quiomnibus
1252 1193 1334 1221 mo·

225 1251 283 1288 dis
304 1262 445 1288 carnem
470 1251 657 1289 excruciat
684 1262 888 1298 omnesque
920 1251 1017 1288 vitae
1048 1251 1161 1299 hujus
1186 1251 1335 1292 delicias

226 1321 391 1368 respuit,
419 1332 478 1367 et,
500 1331 667 1358 moerens
681 1332 826 1368 semper
840 1319 1331 1367 humanaequeinfirmimtis

225 1403 373 1429 sensum
399 1402 485 1439 prae
511 1402 551 1427 se
579 1389 728 1436 ferens,
765 1390 886 1428 Deum
927 1391 1049 1427 colere
1074 1389 1148 1427 sibi
1171 1389 1332 1430 videtur.

226 1463 297 1500 llic
347 1470 467 1499 autem
514 1461 636 1499 vatins
687 1460 964 1509 conjunctionis
1010 1461 1142 1499 modus
1196 1461 1335 1509 pendet

225 1545 244 1568 e
270 1533 378 1570 variis
402 1533 447 1569 de
468 1531 604 1569 Divina
629 1540 756 1568 natura
784 1529 1021 1568 notionibus.
1073 1529 1188 1568 Indus
1212 1531 1334 1568 Deum

225 1603 294 1638 sibi
332 1601 508 1649 proponit
544 1602 616 1638 vim
653 1602 831 1647 quandam
859 1599 1062 1646 infinitam,
1100 1599 1245 1637 infinite
1264 1611 1334 1649 po-

225 1683 393 1717 tentem3
445 1673 536 1709 hane
586 1681 703 1708 autem
740 1670 917 1707 infinitam
955 1669 1059 1716 vim,
1110 1669 1171 1707 cni
1209 1669 1334 1709 resisti

224 1743 383 1789 nequit,
424 1743 494 1779 sibi
531 1743 708 1790 proponit
761 1751 802 1777 ut
853 1741 1026 1778 hostilem
1076 1748 1112 1777 et
1153 1740 1332 1779 humanae

226 1811 388 1849 felicitati
419 1812 672 1857 invidentem3
720 1812 831 1856 igitur
865 1811 955 1847 hanc
988 1810 1119 1847 metuit
1142 1820 1178 1847 et
1203 1811 1333 1859 propi-

224 1884 308 1919 tiam
338 1883 409 1919 sibi
438 1883 587 1919 reddere
619 1890 801 1928 conatur,
840 1880 1061 1918 abstinendo
1086 1881 1131 1918 ab
1163 1879 1257 1928 ipsis
1285 1879 1330 1918 iis

226 1953 361 1998 rebus,
392 1963 486 1998 quae
511 1951 584 1989 sibi
607 1952 836 1999 gratissimae
858 1960 960 1990 sunt.
991 1951 1158 1989 Graecus
1176 1959 1330 1996 contra,

226 2022 325 2058 Deos
354 2022 425 2058 sibi
452 2022 632 2070 proponit
669 2030 710 2058 ut
744 2022 912 2058 homines
932 2049 944 2066 ,
979 2020 1220 2069 perfectiores
1248 2020 1334 2068 qui·

223 2092 304 2128 dem
341 2099 376 2127 et
408 2103 493 2138 prae
527 2091 742 2128 hominibus
767 2091 985 2128 excellentes
1011 2089 1177 2138 potentia
1199 2099 1235 2128 et
1255 2088 1330 2127 vita

217 2168 364 2196 aeterna
383 2188 395 2205 ‚
436 2161 501 2196 sed
528 2169 646 2197 tamen
674 2159 871 2208 homines,
900 2160 991 2207 qui,
1018 2171 1134 2208 aeque
1163 2170 1204 2197 ac
1227 2159 1328 2207 ipsi,

222 2232 450 2267 delectentur
482 2231 581 2269 indis
615 2239 650 2267 et
675 2231 813 2269 choris.
869 2231 994 2280 Quum
1019 2230 1130 2278 igitur
1151 2229 1330 2277 coniunc-

218 2302 332 2338 tionis
347 2302 477 2338 modus
491 2301 613 2338 varius
636 2301 789 2348 pendeat
810 2312 827 2338 e
849 2300 958 2338 variis
980 2300 1024 2337 de
1045 2308 1172 2335 natura
1192 2297 1329 2336 Divina

1262 2378 1329 2404 no-
