1487 2625
0 2166 1 2230 1

0 2265 3 2333 l

378 190 978 233 THEOLoolcm
1175 206 1221 244 μ

113 302 264 343 eratis
291 303 396 342 etiam
423 310 545 340 mente
570 302 652 341 Deo
677 301 907 343 tribuendas.
949 302 1012 342 Sic
1028 315 1067 341 v.
1084 315 1119 342 c.
1137 315 1222 342 cum

114 375 423 426 omnipraesentia
449 373 647 420 conjuncta
683 382 739 410 est
776 373 1057 425 spiritualitas,
1095 373 1144 410 ita
1180 381 1223 412 ut

111 444 173 482 issa
200 444 282 482 sine
307 443 374 481 hac
389 470 403 490 ,
438 454 459 481 e
480 451 607 481 nostra
629 443 817 490 cogitandi
844 442 1012 490 ratione,
1051 454 1133 480 esse
1158 453 1223 481 ne-

110 522 221 562 queat
235 525 253 562 ;⁴
289 524 373 551 cum
412 513 676 563 omnipotentia
697 520 795 550 arcte
817 512 991 550 cohaeret
1016 512 1085 550 Dei
1111 511 1223 550 libcr-

108 592 195 631 tas,
224 594 298 632 qua
323 594 364 621 se
387 582 470 630 ipse
491 581 735 629 determinat,
761 592 828 620 nec
845 582 936 631 fato
960 582 1102 621 cuidam
1129 581 1223 622 sub-

104 653 225 703 jectus
272 660 356 701 est3
404 663 488 690 curn
535 663 579 689 eo
595 680 608 698 ,
653 651 757 699 quod
810 651 917 689 nulla
949 663 992 689 re
1025 650 1221 702 indigeat,

105 724 322 770 necessitas,
360 734 433 770 qua
455 731 532 760 non
546 733 627 761 esse
647 732 724 761 non
747 730 899 770 potest,
927 730 964 760 et
989 724 1220 770 aeternitas,

104 803 180 840 qua
203 802 349 841 semper
377 792 519 831 existit.
585 792 715 840 Itaque
749 791 815 830 has
854 791 994 839 etiam,
1038 793 1222 844 spiritua-

102 860 247 900 litatem
261 889 276 910 ,
303 861 534 909 libertatem,
555 863 826 908 necessitatem,
849 863 1114 900 aeternitatem
1135 862 1220 901 Deo

104 930 267 969 tribuere
302 931 564 979 Socratem,
605 942 681 969 non
714 939 849 970 temere
883 932 1023 979 statui,
1060 931 1222 981 cuipiam

103 998 221 1038 videri
246 1000 368 1049 possit
388 1028 402 1048 ,
431 1012 545 1048 quum
579 1000 721 1039 scilicet
746 1010 782 1039 et
808 1001 917 1049 illas,
953 1003 1222 1052 omnipraesen-

104 1072 198 1108 tiam
212 1098 227 1118 2
263 1073 561 1121 omnipotentiam
577 1099 591 1118 ,
628 1073 845 1121 αὐταρκείαν
884 1071 1041 1111 Divinae
1071 1079 1225 1110 naturae

105 1138 258 1179 tribuat.
324 1141 378 1179 At
413 1152 530 1187 vero,
568 1142 600 1178 si
643 1141 736 1188 quid
769 1141 908 1188 video,
944 1141 1099 1178 nonita
1136 1141 1224 1179 licet

104 1209 328 1248 ratiocinari.
402 1210 648 1258 Nequaquam
688 1211 775 1248 licet
826 1220 994 1251 nostram
1034 1210 1224 1259 cogitandi

106 1278 285 1317 rationem
325 1279 516 1317 Socrati
555 1280 784 1326 obtrudere,
833 1291 880 1319 ex
917 1292 1033 1329 eaque
1071 1283 1224 1319 conclu-

105 1350 190 1387 dere
222 1349 267 1388 ad
301 1348 368 1395 id,
403 1349 510 1396 quod
532 1349 760 1388 ‘Socrates
787 1350 955 1389 sentiret.
1023 1350 1108 1388 Nos
1134 1361 1224 1389 con-

95 1411 231 1469 ‘J'uncta
253 1418 313 1457 illa
336 1419 542 1467 cogitamus
557 1446 570 1466 ‚
597 1420 945 1469 omnipraesentium
975 1427 1011 1456 et
1040 1421 1222 1470 spiritua-

104 1490 278 1536 litatem,
315 1498 438 1527 caet.:
477 1489 544 1528 sed
571 1489 657 1527 inde
680 1500 757 1526 non
787 1489 986 1536 sequitur,
1017 1500 1057 1527 ea
1078 1490 1116 1526 in
1143 1490 1223 1528 So-

105 1562 251 1597 cratis
289 1559 397 1597 etiam
435 1568 556 1600 mente
598 1568 670 1597 tam
707 1567 806 1596 arcte
837 1560 1037 1608 conjuncta
1074 1559 1220 1605 fuisse,

106 1638 172 1675 ut,
200 1640 284 1668 cum
307 1631 652 1680 omnipraesentium
677 1630 756 1667 Deo
778 1628 983 1676 tribueret,
1010 1629 1219 1678 spirituali-

105 1708 222 1738 tatem
257 1699 364 1742 etiam
399 1711 476 1740 non
507 1698 673 1746 potuerit
691 1710 768 1737 non
789 1699 873 1737 Deo
898 1700 1079 1738 tribuere..
1131 1699 1223 1737 Non

106 1779 164 1809 est
212 1769 302 1807 boni
352 1770 595 1818 interpretis,
646 1769 888 1816 sententiam,
947 1781 1056 1817 quam
1092 1778 1223 1809 auctor

106 1841 211 1879 nullo
244 1840 356 1878 modo
397 1852 482 1888 prae
519 1852 559 1878 se
595 1840 696 1887 fert,
745 1839 820 1888 ipsi
860 1838 1025 1877 tribuere
1059 1840 1107 1876 ob
1144 1851 1221 1878 eam

106 1922 279 1958 causam,
318 1910 421 1957 quod
458 1920 540 1946 cum
578 1909 721 1957 reliqua
746 1910 825 1958 eJ'us
854 1908 1022 1947 doctrina
1047 1917 1133 1956 apte
1157 1920 1222 1946 co-

108 1980 253 2018 haereat
269 2008 281 2027 ,
317 1989 381 2018 aut
420 1980 523 2027 quod
549 1979 689 2026 reliqua
714 1979 795 2028 ejus
820 1970 1014 2026 doctrina«,
1054 1991 1073 2016 e
1094 1988 1221 2017 nostra

107 2050 295 2099 cogitandi
335 2049 501 2096 ratione,
540 2048 636 2086 iliam
673 2049 856 2097 postulet.
929 2049 1025 2087 Nam
1062 2060 1139 2088 non
1176 2061 1221 2087 ex

109 2132 182 2168 eo,
224 2119 327 2168 quod
364 2132 435 2157 esse
460 2121 594 2169 possit,
636 2118 723 2157 licet
762 2118 982 2156 concludere
1017 2119 1062 2156 ad
1098 2119 1188 2157 illud
1207 2147 1221 2166 ,

113 2190 216 2238 quod
241 2192 305 2228 sit.
358 2189 528 2226 Historia
564 2188 692 2226 multis
721 2189 903 2236 exemplis
928 2189 1062 2235 docet,
1102 2189 1221 2226 homi-

114 2269 202 2308 nes„
230 2260 300 2298 etsi
325 2258 489 2300 veritatis
515 2259 607 2298 viam
628 2259 701 2308 J'am
725 2258 939 2308 ingressos,
965 2270 1075 2308 saepe
1102 2267 1223 2299 tamen

1187 2340 1226 2371 ιη
