1487 2625
216 169 265 206 60
441 174 1101 219 COMMENTATIO

216 284 369 322 omnino
391 282 578 332 probant,
604 285 812 334 docentque
823 288 995 327 cadavera
1023 289 1169 338 saepius
1193 297 1339 342 putres

219 356 302 395 dine
322 368 457 395 carere.

262 427 386 476 Hujus
432 427 544 474 igitur
585 427 789 473 argumenti
832 428 1110 467 observationes
1160 429 1316 477 triplicis

212 506 301 536 sunt
324 497 491 546 generis,
532 508 615 534 cum
643 497 710 534 alia
743 505 914 545 prostent
941 499 1104 546 exempla
1121 526 1134 545 ‚
1179 498 1317 546 quibus

212 566 333 605 omnis
353 567 567 611 cadaverum
605 568 764 615 putredo
790 567 939 614 deerat,
969 567 1036 605 alia
1073 567 1204 605 deinde
1239 569 1321 615 qui-

210 638 282 676 bus
322 647 444 684 partes
484 646 627 675 tantum
659 636 851 684 internae,
872 637 1101 675 ventriculus
1122 637 1314 685 speciatim

209 716 246 745 et
258 707 517 746 intestinorum
538 716 679 745 tractus
697 735 709 754 ,
722 719 741 744 a
767 707 962 755 putredine
987 715 1089 745 erant
1109 706 1290 745 immunes
1305 734 1318 753 ,

205 789 290 816 cum
308 778 453 816 tandem
477 777 567 815 aliae
598 777 730 814 dentur
766 777 1045 814 observationes
1061 805 1073 824 ‚
1093 765 1234 825 quibus
1261 788 1319 815 can

209 849 338 887 davera
373 849 440 886 hac
471 847 611 885 ratione
646 846 926 885 interfectorum
963 848 1077 885 solito
1104 847 1215 885 modo
1237 858 1320 885 cor-

209 918 376 967 ruptioni
399 926 501 955 erant
526 916 702 955 abnoxia.

257 988 393 1037 Quoad
420 988 572 1035 primam
599 988 767 1024 classem.
822 986 1007 1024 Peculiare
1035 984 1128 1023 illud
1146 983 1321 1023 effectum

203 1053 364 1102 primum
391 1050 644 1090 animadvertit
676 1051 789 1088 Doct.
831 1050 1050 1098 Welper
1081 1050 1177 1098 (ι),
1207 1048 1319 1096 idque

207 1122 311 1160 brevi
334 1130 423 1171 post
440 1119 495 1159 a0.
527 1122 620 1161 1818
650 1119 805 1157 ulterius
830 1118 1064 1157 confirmavit
1086 1118 1234 1167 duplice
1257 1130 1319 1157 ve-

203 1191 327 1230 neficii
360 1190 479 1229 nostri
503 1191 697 1238 exemplo,
727 1201 807 1237 quo
839 1190 1014 1228 cadavera
1035 1190 1110 1227 duo
1128 1217 1140 1236 ,
1157 1199 1315 1236 quorum

202 1262 355 1300 alterum
392 1270 477 1299 ante
510 1261 605 1298 duos
637 1270 754 1297 annos
792 1267 828 1297 et
863 1259 1079 1307 dimidium,
1106 1267 1190 1297 ante
1209 1259 1312 1297 bien-

200 1333 302 1370 nium
334 1332 486 1368 alterum
525 1339 641 1367 terrae
681 1328 800 1367 fuerat
841 1329 1050 1367 mandatnm
1079 1330 1177 1378 (2),
1213 1328 1316 1367 omni

201 1402 398 1451 putredine
423 1409 584 1438 carerent
608 1408 644 1437 et
672 1400 849 1447 singulari
877 1399 1018 1437 ratione
1043 1408 1168 1437 essent
1195 1398 1317 1437 exsic—

203 1480 307 1518 cata,
327 1470 594 1519 superstitibus
616 1470 675 1507 vel
690 1469 743 1507 sic
767 1479 886 1507 tamen
913 1469 950 1507 in
971 1469 1177 1507 ventriculo
1192 1481 1317 1507 macu-

201 1542 249 1580 lis
283 1551 505 1590 gangraenae
536 1540 735 1579 similibus.
771 1539 976 1577 Deficiebat
1002 1540 1115 1577 ullum
1144 1540 1315 1579 Arsenici

200 1610 397 1660 vestigium
424 1612 511 1662 (3).
540 1611 687 1650 Similes
707 1610 835 1648 deinde
861 1610 1150 1649 observaverunt
1178 1611 1216 1648 in
1237 1610 1314 1648 ani·

198 1684 356 1722 malibus
379 1683 558 1721 Arsenico
584 1681 776 1720 exstinctis
810 1680 966 1718 effectus
993 1680 1151 1718 Klank
1180 1680 1248 1730 (4)
1273 1689 1311 1719 et

197 1751 464 1792 Hiinefeld
490 1753 586 1801 (5);
615 1752 741 1799 prouti
765 1759 799 1789 et
818 1751 882 1789 Cl.
908 1751 1091 1798 Kelch‚
1122 1750 1186 1799 qui
1209 1762 1310 1789 mus-

1243 1831 1311 1858 cu-

241 1946 291 1985 (ι)
314 1940 547 1978 Hufeland,
569 1941 692 1970 Journ.
724 1938 818 1969 Tom.
843 1937 941 1969 XVI.
969 1937 1019 1968 St.
1048 1938 1075 1968 1.
1095 1947 1128 1976 p.
1156 1937 1224 1967 180.

236 1999 287 2039 (2)
312 1997 399 2028 lbid.
420 1996 514 2026 Tom.
541 1993 708 2025 XXXVI.
731 1993 781 2023 St.
811 1991 873 2023 IV.
895 1993 948 2033 94.
971 2002 1038 2031 seq.

231 2051 279 2092 (5)
303 2050 496 2081 Christis
514 2058 562 2077 on
579 2069 588 2084 ,
611 2047 633 2076 l.
650 2057 678 2076 c.
698 2057 731 2086 p.
752 2046 824 2076 358.

236 2106 288 2145 (4)
312 2106 425 2143 Augu
438 2102 554 2133 stin’s
585 2103 726 2142 Repert.
760 2099 810 2130 St.
848 2100 896 2130 11.
947 2109 978 2137 p.
1017 2110 1069 2139 27.
1106 2097 1159 2128 Cf.
1198 2096 1309 2126 Hen-

192 2156 271 2194 ke,
296 2156 415 2187 Lelzrb.
443 2158 475 2196 §0
508 2155 580 2187 666.
600 2171 638 2179 -
660 2151 902 2193 Augustin’s
933 2153 1069 2192 Repert.
1110 2149 1139 2180 1.
1168 2148 1227 2179 Bd.
1252 2149 1306 2181 Cf.

192 2209 504 2245 Christison‚
527 2208 592 2238 l.c.
616 2218 649 2245 p.
677 2206 748 2247 359.

237 2263 286 2305 (5)
314 2263 405 2296 Diss.
430 2263 467 2292 de
486 2272 563 2292 uera
594 2260 745 2291 Clzemiae
771 2259 946 2300 organicae
970 2259 1103 2289 notione
1126 2263 1215 2298 eta,
1244 2257 1307 2287 adv

1251 2310 1312 2339 ‹li-⁷
