1487 2625
230 157 286 201 36
463 152 601 198 ADR.
636 151 802 196 CATH.
837 149 1097 196 HOLTlUS

234 297 401 350 praeter
425 289 637 334 Bacchum
670 294 710 330 et
736 285 927 329 Cererem
954 284 1082 328 Flora
1107 297 1274 341 quoque
1299 290 1341 327 et

235 369 421 411 Pomona
446 380 518 409 sua
540 378 709 408 munera
729 362 971 419 largiuntur.
1003 361 1191 418 Agentur
1208 374 1340 418 porro

235 458 321 486 non
360 442 452 492 die,
492 440 564 483 sed
606 438 774 490 diebus,
814 444 983 480 oratore
1024 437 1210 489 dicente,
1253 450 1340 479 non

239 533 361 575 quem
391 516 487 560 anni
518 530 610 559 sors
638 516 768 567 serat,
803 513 876 557 sed
905 528 954 557 eo
980 528 1103 570 quem
1129 521 1217 557 tota
1240 527 1343 557 aca-

237 593 371 637 demia
398 592 571 636 habebit
597 591 774 635 dicendo
799 589 1196 635 exercitatissimum.
1249 590 1341 633 Erit

238 671 306 713 hic
333 670 528 728 princeps
554 675 718 712 senatus
748 667 908 720 nostri,
937 667 1052 724 cujus
1079 673 1119 710 et
1147 667 1343 711 volunta-

237 754 322 790 tem
351 761 448 803 erga
477 744 730 789 academiam
749 776 761 797 ,
793 745 835 785 in
877 743 960 786 hoc
994 742 1108 800 gravi
1142 742 1342 786 mandato

238 821 501 880 suscipiendo
529 820 764 878 cognitam,
799 826 838 862 et
865 818 1116 876 diligentiam
1147 833 1232 862 non
1260 833 1342 861 an·-

236 900 299 943 nis
340 898 618 949 retardatam,
659 897 701 939 in
738 895 930 939 omnibus
970 895 1183 954 explendis
1215 895 1344 939 officii

236 975 410 1026 muniis,
442 988 548 1030 quae
575 973 675 1017 satis
701 972 861 1015 laudari
876 986 960 1015 non
979 980 1178 1030 possunt,
1205 987 1341 1017 meum

238 1067 323 1096 non
350 1058 410 1095 est
431 1065 605 1094 onerare
629 1049 834 1093 laudibus.
883 1049 949 1092 De
971 1049 1063 1093 festi
1088 1063 1268 1108 pompa,
1300 1057 1341 1093 et

239 1128 503 1179 solennibus,
532 1127 583 1169 de
612 1126 826 1169 hominum
854 1125 1084 1181 frequentia
1100 1157 1113 1179 ,
1139 1133 1179 1170 et
1201 1140 1342 1184 appa-

238 1213 352 1248 ratus
381 1203 684 1261 magnificentia
720 1216 805 1245 non
832 1202 1053 1260 praedico:
1090 1210 1209 1245 erunt
1235 1202 1341 1246 haec

238 1282 350 1325 omni
375 1279 569 1339 opinione
595 1278 889 1337 splendidiora.
953 1279 1037 1322 Vos
1072 1279 1235 1322 interim
1273 1293 1340 1323 res

235 1365 393 1401 vestras
421 1356 685 1414 componite,
713 1355 875 1398 animos
901 1357 1170 1412 praeparate!
1232 1354 1342 1399 Fes-

236 1442 324 1477 tum
363 1433 483 1477 vobis
518 1432 762 1484 indicimus,
802 1432 921 1487 quale
951 1445 1027 1474 nec
1061 1431 1141 1489 ipsi
1168 1445 1244 1475 nec
1270 1432 1340 1475 filii

237 1509 361 1554 vestri
390 1508 700 1567 spectaveritis,
732 1515 906 1566 nepotes
942 1515 1076 1552 autem
1111 1515 1151 1552 et
1182 1523 1341 1567 prone-

236 1595 358 1646 potes
381 1586 528 1630 iterum
549 1599 633 1628 non
658 1584 925 1643 spectabunt.

565 1739 773 1796 (Musica
803 1734 1036 1790 auditur.)

791 1867 914 1876 ‘xa——

298 1967 493 2012 Officium
529 1980 709 2009 annuum
750 1971 940 2022 superest
978 1965 1062 2008 sata
1101 1957 1339 2009 academiae

235 2043 467 2096 referendi,
500 2050 539 2086 et
572 2041 842 2101 dispensandi
873 2042 1102 2085 studiorum
1128 2041 1337 2099 praemia,

235 2121 427 2179 publicae
465 2119 725 2163 liberalitatis
765 2117 1012 2162 testimonia.
1085 2117 1200 2161 Haec
1235 2118 1337 2161 nihil

231 2198 387 2242 habent
421 2196 534 2254 quod
568 2202 731 2254 gratum
760 2209 845 2240 non
881 2195 976 2247 fiat,
1016 2194 1084 2240 illa
1126 2208 1248 2247 vero,
1293 2202 1337 2239 ut
