1487 2625
193 115 219 155 8
435 115 573 160 ADR.
606 115 772 159 CA'I'H.
806 115 1064 161 110LT1US

259 247 381 291 initio
423 249 615 304 quidem,
646 249 688 292 id
728 257 790 294 est
831 252 998 295 saeculo
1033 250 1302 304 duodecimo,

198 338 289 366 cum
325 324 598 369 Bononiensis
637 325 814 379 schola,
858 327 1039 384 itemque
1084 327 1301 380 parisina,

195 399 238 442 in
270 400 560 445 Universitatis
591 402 760 445 modum
791 392 1089 456 inolescerent,
1120 411 1297 463 utraque

198 475 327 520 libera
368 484 406 520 et
436 485 523 521 erat
559 486 598 522 et
637 479 877 533 dicebatur3
919 494 995 523 nec
1029 480 1164 524 minus
1197 480 1298 524 reli-

199 567 304 608 quae
343 568 448 609 quae
475 554 727 612 procedente
758 562 948 613 tempore
979 556 1031 599 ad
1062 556 1297 600 alterutrius

197 629 426 687 exemplum
469 631 754 675 conformatae
790 639 899 676 sunt.
975 632 1162 688 Namque
1199 631 1298 675 illud

196 704 330 763 ipsum
352 708 509 750 'nomen
539 707 643 752 Uni
665 708 913 752 versitas
949 722 1103 766 corpus
1139 708 1299 767 signifi-

197 790 265 827 cat
292 784 425 841 legum
456 791 495 827 et
520 784 830 841 magistratuum
876 785 940 840 jus
960 781 1127 828 ¹habens
1146 817 1158 837 ‚
1185 786 1298 842 quod

196 861 475 904 autonomiam
531 861 700 905 Veteres
752 862 1052 920 appellabant,
1124 862 1167 905 in
1216 879 1298 919 qua

193 935 395 980 libertatis
439 937 518 980 vim
569 937 661 981 illos
711 937 887 981 maxime
934 939 1145 996 posuisse,
1205 940 1299 983 vul-

195 1021 331 1071 gatum
375 1022 448 1058 est.
511 1015 573 1058 Ea
618 1013 742 1071 igitur
782 1015 970 1059 libertate
1013 1022 1188 1071 utraque
1227 1016 1294 1060 illa

196 1106 320 1148 quam
376 1091 584 1134 nominavi
643 1090 905 1134 Universitas
947 1091 1164 1143 utebatur,
1225 1092 1298 1136 sed

200 1167 357 1226 dispari
398 1168 538 1212 modo,
612 1167 889 1211 Bononiensis
935 1167 1043 1211 enim
1075 1168 1301 1212 democra-

197 1243 278 1287 tica
312 1251 426 1297 erat,
471 1260 596 1301 quum
638 1251 677 1287 et
716 1244 825 1301 leges
858 1244 1026 1296 fierent,
1070 1251 1109 1288 et
1141 1245 1300 1302 magis-

199 1327 359 1373 tratus,
406 1321 527 1364 veluti
562 1328 774 1370 rectores,
822 1328 1062 1364 crearentur
1096 1320 1299 1380 suffragio

198 1396 366 1454 populi,
395 1412 467 1440 seu
510 1396 649 1454 potius
690 1396 850 1454 plebis,
897 1395 1155 1441 scholastici:
1201 1413 1298 1442 nam

197 1474 391 1517 doctores
435 1464 679 1531 suffragium
719 1488 803 1516 non
839 1473 1076 1528 habebant3
1119 1474 1218 1531 quin
1260 1482 1300 1518 et

199 1551 488 1609 professores,
534 1551 617 1594 sive
658 1549 844 1608 magistri
884 1560 1119 1606 regentes,
1149 1558 1194 1593 ut
1229 1550 1301 1594 diu

199 1627 544 1684 appellabantur,
597 1627 651 1670 ab
692 1627 795 1685 ipsis
828 1626 1089 1684 scholaribus
1111 1627 1300 1685 plerum·-

198 1717 278 1760 que
299 1703 564 1760 optabantur.
603 1703 791 1747 Parisino
809 1718 905 1747 vero
923 1703 1183 1748 Universitas
1212 1712 1300 1749 erat

199 1778 484 1823 aristocratica
500 1811 512 1831 ,
532 1779 644 1823 omni
670 1787 875 1839 potestate
890 1794 1017 1839 penes
1041 1780 1236 1825 doctores
1260 1788 1300 1825 et

198 1856 418 1913 magistros
463 1856 699 1900 constituta.
777 1857 921 1913 Itaque
963 1858 1066 1901 haec
1097 1858 1299 1916 Magis-

197 1940 408 1976 trorum
448 1933 645 1985 maxime,
683 1934 750 1976 illa
793 1933 1145 1977 Scholarium
1188 1935 1301 1979 Uni-

197 2009 367 2053 versitas
397 2009 476 2053 dici
502 2010 674 2055 solebat.
722 2010 913 2055 Ceterum
945 2011 1130 2055 Parisina
1149 2044 1161 2064 ,
1193 2028 1300 2069 quae

196 2086 256 2129 vel
287 2086 346 2129 sic
372 2101 521 2144 magna
545 2087 760 2139 libertate,
798 2094 837 2131 et
868 2102 964 2132 vero
989 2088 1175 2142 licentia,
1205 2097 1300 2134 ute-

194 2163 341 2214 batur,
372 2163 528 2214 primae
563 2179 661 2207 suae
689 2164 993 2208 constitutionis
1028 2166 1201 2209 formam
1232 2182 1301 2211 re-
