<?xml version="1.0" encoding="UTF-8"?>
<!DOCTYPE html PUBLIC "-//W3C//DTD XHTML 1.0 Transitional//EN"
    "http://www.w3.org/TR/xhtml1/DTD/xhtml1-transitional.dtd">
<html xmlns="http://www.w3.org/1999/xhtml" xml:lang="en" lang="en">
 <head>
  <title>
</title>
<meta http-equiv="Content-Type" content="text/html;charset=utf-8" />
  <meta name='ocr-system' content='tesseract 3.04.00' />
  <meta name='ocr-capabilities' content='ocr_page ocr_carea ocr_par ocr_line ocrx_word'/>
</head>
<body>
  <div class='ocr_page' id='page_1' title='image "annalesacademiae35rhen_0223.png"; bbox 0 0 1487 2625; ppageno 0'>
   <div class='ocr_carea' id='block_1_1' title="bbox 532 186 1258 246">
    <p class='ocr_par' dir='ltr' id='par_1_1' title="bbox 532 186 1258 246">
     <span class='ocr_line' id='line_1_1' title="bbox 532 186 1258 246; baseline 0.022 -24"><span class='ocrx_word' id='word_1_1' title='bbox 532 186 571 223; x_wconf 80' lang='lat' dir='ltr'><strong>M</strong></span> <span class='ocrx_word' id='word_1_2' title='bbox 603 186 632 223; x_wconf 81' lang='grc' dir='ltr'>Ε</span> <span class='ocrx_word' id='word_1_3' title='bbox 663 188 697 224; x_wconf 91' lang='lat' dir='ltr'><strong>D</strong></span> <span class='ocrx_word' id='word_1_4' title='bbox 724 187 741 225; x_wconf 78' lang='lat' dir='ltr'>l</span> <span class='ocrx_word' id='word_1_5' title='bbox 770 190 800 226; x_wconf 76' lang='lat' dir='ltr'>C</span> <span class='ocrx_word' id='word_1_6' title='bbox 832 191 882 228; x_wconf 53' lang='lat'>[34</span> <span class='ocrx_word' id='word_1_7' title='bbox 1191 212 1258 246; x_wconf 76' lang='lat'>107</span> 
     </span>
    </p>
   </div>
   <div class='ocr_carea' id='block_1_2' title="bbox 137 288 1256 846">
    <p class='ocr_par' dir='ltr' id='par_1_2' title="bbox 137 288 1256 846">
     <span class='ocr_line' id='line_1_2' title="bbox 151 288 1256 347; baseline 0.019 -22"><span class='ocrx_word' id='word_1_8' title='bbox 151 288 250 326; x_wconf 86' lang='lat' dir='ltr'>acida</span> <span class='ocrx_word' id='word_1_9' title='bbox 300 291 475 337; x_wconf 86' lang='lat' dir='ltr'>quaedam</span> <span class='ocrx_word' id='word_1_10' title='bbox 513 295 810 342; x_wconf 86' lang='lat' dir='ltr'>impedimentum</span> <span class='ocrx_word' id='word_1_11' title='bbox 855 300 996 340; x_wconf 89' lang='lat' dir='ltr'>sistunt</span> <span class='ocrx_word' id='word_1_12' title='bbox 1035 305 1256 347; x_wconf 84' lang='lat' dir='ltr'>adhibitioni</span> 
     </span>
     <span class='ocr_line' id='line_1_3' title="bbox 149 358 1253 423; baseline 0.019 -28"><span class='ocrx_word' id='word_1_13' title='bbox 149 358 261 407; x_wconf 90' lang='lat' dir='ltr'>hujus</span> <span class='ocrx_word' id='word_1_14' title='bbox 288 362 484 408; x_wconf 86' lang='lat' dir='ltr'>reagentis.</span> <span class='ocrx_word' id='word_1_15' title='bbox 536 364 696 403; x_wconf 89' lang='lat' dir='ltr'>Acidum</span> <span class='ocrx_word' id='word_1_16' title='bbox 721 368 817 405; x_wconf 87' lang='lat' dir='ltr'>enim</span> <span class='ocrx_word' id='word_1_17' title='bbox 842 371 1017 409; x_wconf 83' lang='lat' dir='ltr'>aceticum</span> <span class='ocrx_word' id='word_1_18' title='bbox 1034 401 1047 420; x_wconf 81' lang='lat'>‚</span> <span class='ocrx_word' id='word_1_19' title='bbox 1072 374 1253 423; x_wconf 78' lang='lat' dir='ltr'>imprimis</span> 
     </span>
     <span class='ocr_line' id='line_1_4' title="bbox 148 430 1254 494; baseline 0.018 -30"><span class='ocrx_word' id='word_1_20' title='bbox 148 439 237 468; x_wconf 88' lang='lat' dir='ltr'>vero</span> <span class='ocrx_word' id='word_1_21' title='bbox 256 430 425 470; x_wconf 79' lang='lat' dir='ltr'>uitricum</span> <span class='ocrx_word' id='word_1_22' title='bbox 444 433 517 482; x_wconf 80' lang='grc' dir='ltr'>(ι)</span> <span class='ocrx_word' id='word_1_23' title='bbox 535 436 819 485; x_wconf 84' lang='lat' dir='ltr'>tartaricumque</span> <span class='ocrx_word' id='word_1_24' title='bbox 836 467 848 485; x_wconf 86' lang='lat'>‚</span> <span class='ocrx_word' id='word_1_25' title='bbox 864 441 1060 480; x_wconf 81' lang='lat' dir='ltr'>Ammonia</span> <span class='ocrx_word' id='word_1_26' title='bbox 1076 447 1254 494; x_wconf 79' lang='lat' dir='ltr'>ejusdem—</span> 
     </span>
     <span class='ocr_line' id='line_1_5' title="bbox 147 500 1250 565; baseline 0.02 -31"><span class='ocrx_word' id='word_1_27' title='bbox 147 508 221 544; x_wconf 91' lang='lat' dir='ltr'>que</span> <span class='ocrx_word' id='word_1_28' title='bbox 253 500 365 538; x_wconf 88' lang='lat' dir='ltr'>nitras</span> <span class='ocrx_word' id='word_1_29' title='bbox 399 502 541 540; x_wconf 86' lang='lat' dir='ltr'>etiamsi</span> <span class='ocrx_word' id='word_1_30' title='bbox 573 514 716 544; x_wconf 87' lang='lat' dir='ltr'><strong>neuter.</strong></span> <span class='ocrx_word' id='word_1_31' title='bbox 766 509 924 548; x_wconf 85' lang='lat' dir='ltr'>Acidum</span> <span class='ocrx_word' id='word_1_32' title='bbox 948 512 1118 553; x_wconf 75' lang='lat' dir='ltr'>niti-icum</span> <span class='ocrx_word' id='word_1_33' title='bbox 1137 545 1151 563; x_wconf 75' lang='lat'><strong>‚</strong></span> <span class='ocrx_word' id='word_1_34' title='bbox 1174 530 1250 565; x_wconf 87' lang='lat' dir='ltr'>quo</span> 
     </span>
     <span class='ocr_line' id='line_1_6' title="bbox 144 569 1251 627; baseline 0.02 -22"><span class='ocrx_word' id='word_1_35' title='bbox 144 569 296 608; x_wconf 88' lang='lat' dir='ltr'>arseniis</span> <span class='ocrx_word' id='word_1_36' title='bbox 333 572 490 620; x_wconf 81' lang='lat' dir='ltr'>Argenti</span> <span class='ocrx_word' id='word_1_37' title='bbox 531 575 654 613; x_wconf 88' lang='lat' dir='ltr'>statim</span> <span class='ocrx_word' id='word_1_38' title='bbox 686 577 876 626; x_wconf 90' lang='lat' dir='ltr'>solvitur,</span> <span class='ocrx_word' id='word_1_39' title='bbox 917 582 1026 621; x_wconf 87' lang='lat' dir='ltr'>simul</span> <span class='ocrx_word' id='word_1_40' title='bbox 1057 594 1176 624; x_wconf 88' lang='lat' dir='ltr'>tamen</span> <span class='ocrx_word' id='word_1_41' title='bbox 1213 598 1251 627; x_wconf 82' lang='lat' dir='ltr'>et</span> 
     </span>
     <span class='ocr_line' id='line_1_7' title="bbox 143 639 1248 705; baseline 0.02 -30"><span class='ocrx_word' id='word_1_42' title='bbox 143 639 301 677; x_wconf 88' lang='lat' dir='ltr'>medium</span> <span class='ocrx_word' id='word_1_43' title='bbox 335 641 486 682; x_wconf 87' lang='lat' dir='ltr'>exhibet</span> <span class='ocrx_word' id='word_1_44' title='bbox 501 672 514 690; x_wconf 90' lang='lat'>,</span> <span class='ocrx_word' id='word_1_45' title='bbox 533 646 640 693; x_wconf 72' lang='lat' dir='ltr'>cuius</span> <span class='ocrx_word' id='word_1_46' title='bbox 662 657 735 694; x_wconf 93' lang='lat' dir='ltr'>ope</span> <span class='ocrx_word' id='word_1_47' title='bbox 761 647 852 685; x_wconf 89' lang='lat' dir='ltr'>illud</span> <span class='ocrx_word' id='word_1_48' title='bbox 876 662 895 687; x_wconf 87' lang='lat' dir='ltr'>a</span> <span class='ocrx_word' id='word_1_49' title='bbox 912 653 1065 692; x_wconf 82' lang='lat' dir='ltr'>muriate</span> <span class='ocrx_word' id='word_1_50' title='bbox 1091 657 1248 705; x_wconf 78' lang='lat' dir='ltr'>Argenti</span> 
     </span>
     <span class='ocr_line' id='line_1_8' title="bbox 139 709 1246 767; baseline 0.019 -21"><span class='ocrx_word' id='word_1_51' title='bbox 139 709 393 760; x_wconf 85' lang='lat' dir='ltr'>dignoscitur,</span> <span class='ocrx_word' id='word_1_52' title='bbox 430 725 512 751; x_wconf 91' lang='lat' dir='ltr'>cum</span> <span class='ocrx_word' id='word_1_53' title='bbox 547 715 619 753; x_wconf 88' lang='lat' dir='ltr'>hoc</span> <span class='ocrx_word' id='word_1_54' title='bbox 655 715 692 753; x_wconf 90' lang='lat' dir='ltr'>in</span> <span class='ocrx_word' id='word_1_55' title='bbox 718 717 824 756; x_wconf 86' lang='lat' dir='ltr'>acido</span> <span class='ocrx_word' id='word_1_56' title='bbox 866 720 929 758; x_wconf 90' lang='lat' dir='ltr'>illo</span> <span class='ocrx_word' id='word_1_57' title='bbox 957 733 1033 761; x_wconf 87' lang='lat' dir='ltr'>non</span> <span class='ocrx_word' id='word_1_58' title='bbox 1067 729 1246 767; x_wconf 85' lang='lat' dir='ltr'>solvatur.</span> 
     </span>
     <span class='ocr_line' id='line_1_9' title="bbox 137 779 1241 846; baseline 0.02 -30"><span class='ocrx_word' id='word_1_59' title='bbox 137 779 325 819; x_wconf 85' lang='lat' dir='ltr'>Praeterea</span> <span class='ocrx_word' id='word_1_60' title='bbox 362 792 481 823; x_wconf 83' lang='lat' dir='ltr'>tamen</span> <span class='ocrx_word' id='word_1_61' title='bbox 521 786 702 824; x_wconf 82' lang='lat' dir='ltr'>arseniitis</span> <span class='ocrx_word' id='word_1_62' title='bbox 752 792 908 840; x_wconf 85' lang='lat' dir='ltr'>Argenti</span> <span class='ocrx_word' id='word_1_63' title='bbox 952 796 1058 833; x_wconf 89' lang='lat' dir='ltr'>color</span> <span class='ocrx_word' id='word_1_64' title='bbox 1101 797 1241 846; x_wconf 88' lang='lat' dir='ltr'>flavus,</span> 
     </span>
    </p>
   </div>
   <div class='ocr_carea' id='block_1_3' title="bbox 55 853 1244 2032">
    <p class='ocr_par' dir='ltr' id='par_1_3' title="bbox 55 853 1244 2032">
     <span class='ocr_line' id='line_1_10' title="bbox 137 853 1243 917; baseline 0.019 -31"><span class='ocrx_word' id='word_1_65' title='bbox 137 853 443 897; x_wconf 86' lang='lat' dir='ltr'>quemadmodum</span> <span class='ocrx_word' id='word_1_66' title='bbox 468 857 541 896; x_wconf 90' lang='lat' dir='ltr'>Ma</span> <span class='ocrx_word' id='word_1_67' title='bbox 554 871 631 898; x_wconf 87' lang='lat' dir='ltr'>ree</span> <span class='ocrx_word' id='word_1_68' title='bbox 644 870 658 899; x_wconf 95' lang='lat' dir='ltr'>t</span> <span class='ocrx_word' id='word_1_69' title='bbox 675 863 748 911; x_wconf 83' lang='lat' dir='ltr'>J&#39;am</span> <span class='ocrx_word' id='word_1_70' title='bbox 768 863 906 903; x_wconf 88' lang='lat' dir='ltr'>invenit</span> <span class='ocrx_word' id='word_1_71' title='bbox 925 866 1030 914; x_wconf 75' lang='lat'>(2),</span> <span class='ocrx_word' id='word_1_72' title='bbox 1046 867 1081 905; x_wconf 90' lang='lat' dir='ltr'>in</span> <span class='ocrx_word' id='word_1_73' title='bbox 1095 868 1243 917; x_wconf 85' lang='lat' dir='ltr'>nigrum</span> 
     </span>
     <span class='ocr_line' id='line_1_11' title="bbox 134 930 1244 988; baseline 0.02 -32"><span class='ocrx_word' id='word_1_74' title='bbox 134 931 321 967; x_wconf 87' lang='lat' dir='ltr'>nunquam</span> <span class='ocrx_word' id='word_1_75' title='bbox 353 935 529 966; x_wconf 87' lang='lat' dir='ltr'>mutatur.</span> <span class='ocrx_word' id='word_1_76' title='bbox 608 930 768 980; x_wconf 85' lang='lat' dir='ltr'>Reliqua</span> <span class='ocrx_word' id='word_1_77' title='bbox 801 946 887 972; x_wconf 88' lang='lat' dir='ltr'>vero</span> <span class='ocrx_word' id='word_1_78' title='bbox 923 937 986 975; x_wconf 84' lang='lat' dir='ltr'>illa</span> <span class='ocrx_word' id='word_1_79' title='bbox 1021 939 1131 976; x_wconf 87' lang='lat' dir='ltr'>acida.</span> <span class='ocrx_word' id='word_1_80' title='bbox 1156 952 1244 988; x_wconf 87' lang='lat' dir='ltr'>pru-</span> 
     </span>
     <span class='ocr_line' id='line_1_12' title="bbox 133 989 1240 1058; baseline 0.02 -32"><span class='ocrx_word' id='word_1_81' title='bbox 133 989 262 1028; x_wconf 90' lang='lat' dir='ltr'>denter</span> <span class='ocrx_word' id='word_1_82' title='bbox 288 996 441 1034; x_wconf 82' lang='lat' dir='ltr'>saturari</span> <span class='ocrx_word' id='word_1_83' title='bbox 463 1009 638 1045; x_wconf 90' lang='lat' dir='ltr'>possunt.</span> <span class='ocrx_word' id='word_1_84' title='bbox 673 1002 855 1052; x_wconf 88' lang='lat' dir='ltr'>Quamvis</span> <span class='ocrx_word' id='word_1_85' title='bbox 887 1006 1002 1054; x_wconf 83' lang='lat' dir='ltr'>igitur</span> <span class='ocrx_word' id='word_1_86' title='bbox 1026 1009 1066 1046; x_wconf 91' lang='lat' dir='ltr'>in</span> <span class='ocrx_word' id='word_1_87' title='bbox 1089 1010 1212 1049; x_wconf 88' lang='lat' dir='ltr'>fluidis</span> <span class='ocrx_word' id='word_1_88' title='bbox 1227 1039 1240 1058; x_wconf 82' lang='lat'><strong>‚</strong></span> 
     </span>
     <span class='ocr_line' id='line_1_13' title="bbox 136 1068 1243 1122; baseline 0.021 -26"><span class='ocrx_word' id='word_1_89' title='bbox 136 1070 230 1106; x_wconf 88' lang='lat' dir='ltr'>quae</span> <span class='ocrx_word' id='word_1_90' title='bbox 264 1073 407 1110; x_wconf 80' lang='lat' dir='ltr'>praeter</span> <span class='ocrx_word' id='word_1_91' title='bbox 448 1068 667 1109; x_wconf 84' lang='lat' dir='ltr'>Arsenicum</span> <span class='ocrx_word' id='word_1_92' title='bbox 706 1072 917 1122; x_wconf 87' lang='lat' dir='ltr'>inorganica</span> <span class='ocrx_word' id='word_1_93' title='bbox 943 1086 1084 1117; x_wconf 87' lang='lat' dir='ltr'>tantum</span> <span class='ocrx_word' id='word_1_94' title='bbox 1123 1084 1243 1119; x_wconf 88' lang='lat' dir='ltr'>conti-</span> 
     </span>
     <span class='ocr_line' id='line_1_14' title="bbox 133 1132 1239 1189; baseline 0.021 -23"><span class='ocrx_word' id='word_1_95' title='bbox 133 1139 221 1168; x_wconf 88' lang='lat' dir='ltr'>nent</span> <span class='ocrx_word' id='word_1_96' title='bbox 247 1132 450 1182; x_wconf 87' lang='lat' dir='ltr'>principia‚</span> <span class='ocrx_word' id='word_1_97' title='bbox 475 1138 585 1176; x_wconf 87' lang='lat' dir='ltr'>solita</span> <span class='ocrx_word' id='word_1_98' title='bbox 619 1141 874 1189; x_wconf 85' lang='lat' dir='ltr'>phaenomena</span> <span class='ocrx_word' id='word_1_99' title='bbox 897 1148 1088 1186; x_wconf 87' lang='lat' dir='ltr'>nonnullis</span> <span class='ocrx_word' id='word_1_100' title='bbox 1112 1150 1239 1188; x_wconf 85' lang='lat' dir='ltr'>obser-</span> 
     </span>
     <span class='ocr_line' id='line_1_15' title="bbox 132 1199 1238 1262; baseline 0.023 -27"><span class='ocrx_word' id='word_1_101' title='bbox 132 1199 226 1237; x_wconf 81' lang='lat' dir='ltr'>vatis</span> <span class='ocrx_word' id='word_1_102' title='bbox 257 1203 522 1254; x_wconf 87' lang='lat' dir='ltr'>cautionibus,</span> <span class='ocrx_word' id='word_1_103' title='bbox 563 1210 681 1249; x_wconf 85' lang='lat' dir='ltr'>rarius</span> <span class='ocrx_word' id='word_1_104' title='bbox 709 1201 905 1262; x_wconf 83' lang='lat' dir='ltr'>deficiant,</span> <span class='ocrx_word' id='word_1_105' title='bbox 941 1218 1008 1255; x_wconf 83' lang='lat' dir='ltr'>alia</span> <span class='ocrx_word' id='word_1_106' title='bbox 1043 1228 1162 1258; x_wconf 85' lang='lat' dir='ltr'>tamen</span> <span class='ocrx_word' id='word_1_107' title='bbox 1181 1233 1238 1260; x_wconf 86' lang='lat' dir='ltr'>ra-</span> 
     </span>
     <span class='ocr_line' id='line_1_16' title="bbox 128 1269 1235 1338; baseline 0.023 -33"><span class='ocrx_word' id='word_1_108' title='bbox 128 1269 231 1307; x_wconf 91' lang='lat' dir='ltr'>tione</span> <span class='ocrx_word' id='word_1_109' title='bbox 257 1282 298 1309; x_wconf 85' lang='lat' dir='ltr'>ea</span> <span class='ocrx_word' id='word_1_110' title='bbox 321 1284 522 1314; x_wconf 88' lang='lat' dir='ltr'>cernuntur</span> <span class='ocrx_word' id='word_1_111' title='bbox 536 1306 549 1325; x_wconf 78' lang='grc'><strong>,</strong></span> <span class='ocrx_word' id='word_1_112' title='bbox 571 1280 602 1316; x_wconf 93' lang='lat' dir='ltr'>si</span> <span class='ocrx_word' id='word_1_113' title='bbox 628 1281 810 1332; x_wconf 86' lang='lat' dir='ltr'>principia</span> <span class='ocrx_word' id='word_1_114' title='bbox 824 1288 994 1333; x_wconf 85' lang='lat' dir='ltr'>organica</span> <span class='ocrx_word' id='word_1_115' title='bbox 1019 1289 1158 1338; x_wconf 85' lang='lat' dir='ltr'>liquori</span> <span class='ocrx_word' id='word_1_116' title='bbox 1177 1292 1235 1330; x_wconf 81' lang='lat' dir='ltr'>in·</span> 
     </span>
     <span class='ocr_line' id='line_1_17' title="bbox 127 1341 1236 1401; baseline 0.024 -26"><span class='ocrx_word' id='word_1_117' title='bbox 127 1341 345 1388; x_wconf 85' lang='lat' dir='ltr'>vestigando</span> <span class='ocrx_word' id='word_1_118' title='bbox 373 1347 664 1397; x_wconf 81' lang='lat' dir='ltr'>contineantur,</span> <span class='ocrx_word' id='word_1_119' title='bbox 697 1354 767 1391; x_wconf 88' lang='lat' dir='ltr'>etsi</span> <span class='ocrx_word' id='word_1_120' title='bbox 803 1354 929 1394; x_wconf 85' lang='lat' dir='ltr'>forsan</span> <span class='ocrx_word' id='word_1_121' title='bbox 967 1369 1044 1397; x_wconf 90' lang='lat' dir='ltr'>non</span> <span class='ocrx_word' id='word_1_122' title='bbox 1085 1369 1154 1400; x_wconf 81' lang='lat' dir='ltr'>tam</span> <span class='ocrx_word' id='word_1_123' title='bbox 1176 1365 1236 1401; x_wconf 89' lang='lat' dir='ltr'>di-</span> 
     </span>
     <span class='ocr_line' id='line_1_18' title="bbox 124 1418 1230 1476; baseline 0.025 -31"><span class='ocrx_word' id='word_1_124' title='bbox 124 1419 231 1448; x_wconf 86' lang='lat' dir='ltr'>versa</span> <span class='ocrx_word' id='word_1_125' title='bbox 252 1423 320 1459; x_wconf 87' lang='lat' dir='ltr'>ea,</span> <span class='ocrx_word' id='word_1_126' title='bbox 347 1425 453 1461; x_wconf 87' lang='lat' dir='ltr'>quam</span> <span class='ocrx_word' id='word_1_127' title='bbox 478 1418 621 1464; x_wconf 89' lang='lat' dir='ltr'>quidem</span> <span class='ocrx_word' id='word_1_128' title='bbox 649 1432 669 1458; x_wconf 90' lang='lat' dir='ltr'>a</span> <span class='ocrx_word' id='word_1_129' title='bbox 691 1426 881 1464; x_wconf 85' lang='lat' dir='ltr'>nonnullis</span> <span class='ocrx_word' id='word_1_130' title='bbox 909 1429 1124 1476; x_wconf 85' lang='lat' dir='ltr'>perhibetur</span> <span class='ocrx_word' id='word_1_131' title='bbox 1143 1446 1230 1472; x_wconf 86' lang='lat' dir='ltr'>auc-</span> 
     </span>
     <span class='ocr_line' id='line_1_19' title="bbox 120 1478 1229 1548; baseline 0.025 -34"><span class='ocrx_word' id='word_1_132' title='bbox 120 1478 282 1518; x_wconf 88' lang='lat' dir='ltr'>toribus.</span> <span class='ocrx_word' id='word_1_133' title='bbox 338 1482 400 1521; x_wconf 90' lang='lat' dir='ltr'>Sic</span> <span class='ocrx_word' id='word_1_134' title='bbox 438 1495 589 1526; x_wconf 89' lang='lat' dir='ltr'>auctore</span> <span class='ocrx_word' id='word_1_135' title='bbox 627 1489 915 1543; x_wconf 79' lang='lat' dir='ltr'>Roloffio,</span> <span class='ocrx_word' id='word_1_136' title='bbox 953 1510 1104 1548; x_wconf 89' lang='lat' dir='ltr'>reagens</span> <span class='ocrx_word' id='word_1_137' title='bbox 1139 1514 1229 1541; x_wconf 89' lang='lat' dir='ltr'>nos-</span> 
     </span>
     <span class='ocr_line' id='line_1_20' title="bbox 55 1553 1227 1619; baseline 0.025 -37"><span class='ocrx_word' id='word_1_138' title='bbox 55 1557 59 1561; x_wconf 55' lang='lat'><em>*</em></span> <span class='ocrx_word' id='word_1_139' title='bbox 117 1555 214 1586; x_wconf 86' lang='lat' dir='ltr'>trum</span> <span class='ocrx_word' id='word_1_140' title='bbox 252 1553 392 1591; x_wconf 88' lang='lat' dir='ltr'>nullum</span> <span class='ocrx_word' id='word_1_141' title='bbox 425 1555 464 1593; x_wconf 91' lang='lat' dir='ltr'>in</span> <span class='ocrx_word' id='word_1_142' title='bbox 495 1557 714 1599; x_wconf 89' lang='lat' dir='ltr'>Arsenicum</span> <span class='ocrx_word' id='word_1_143' title='bbox 752 1575 935 1605; x_wconf 87' lang='lat' dir='ltr'>exsereret</span> <span class='ocrx_word' id='word_1_144' title='bbox 957 1571 1167 1619; x_wconf 86' lang='lat' dir='ltr'>actionem,</span> <span class='ocrx_word' id='word_1_145' title='bbox 1195 1575 1227 1611; x_wconf 91' lang='lat' dir='ltr'>si</span> 
     </span>
     <span class='ocr_line' id='line_1_21' title="bbox 119 1620 1223 1687; baseline 0.024 -33"><span class='ocrx_word' id='word_1_146' title='bbox 119 1620 276 1666; x_wconf 78' lang='lat' dir='ltr'>gelatina</span> <span class='ocrx_word' id='word_1_147' title='bbox 305 1623 450 1663; x_wconf 83' lang='lat' dir='ltr'>adesset</span> <span class='ocrx_word' id='word_1_148' title='bbox 477 1628 496 1674; x_wconf 85' lang='lat'>(</span> <span class='ocrx_word' id='word_1_149' title='bbox 500 1629 559 1675; x_wconf 83' lang='lat'>3).</span> <span class='ocrx_word' id='word_1_150' title='bbox 623 1630 759 1670; x_wconf 84' lang='lat' dir='ltr'>Verum</span> <span class='ocrx_word' id='word_1_151' title='bbox 786 1633 898 1673; x_wconf 86' lang='lat' dir='ltr'>fatere</span> <span class='ocrx_word' id='word_1_152' title='bbox 920 1638 1063 1687; x_wconf 81' lang='lat' dir='ltr'>debeo,</span> <span class='ocrx_word' id='word_1_153' title='bbox 1091 1654 1147 1679; x_wconf 87' lang='lat' dir='ltr'>me</span> <span class='ocrx_word' id='word_1_154' title='bbox 1186 1645 1223 1681; x_wconf 89' lang='lat' dir='ltr'>in</span> 
     </span>
     <span class='ocr_line' id='line_1_22' title="bbox 116 1689 1224 1756; baseline 0.024 -32"><span class='ocrx_word' id='word_1_155' title='bbox 116 1689 235 1727; x_wconf 86' lang='lat' dir='ltr'>carnis</span> <span class='ocrx_word' id='word_1_156' title='bbox 276 1692 430 1732; x_wconf 91' lang='lat' dir='ltr'>decocto</span> <span class='ocrx_word' id='word_1_157' title='bbox 458 1706 494 1734; x_wconf 90' lang='lat' dir='ltr'>et</span> <span class='ocrx_word' id='word_1_158' title='bbox 520 1698 751 1747; x_wconf 85' lang='lat' dir='ltr'>Ichyocollae</span> <span class='ocrx_word' id='word_1_159' title='bbox 776 1706 989 1754; x_wconf 87' lang='lat' dir='ltr'>solutione,</span> <span class='ocrx_word' id='word_1_160' title='bbox 1021 1722 1114 1756; x_wconf 85' lang='lat' dir='ltr'>quae</span> <span class='ocrx_word' id='word_1_161' title='bbox 1140 1723 1224 1752; x_wconf 88' lang='lat' dir='ltr'>ante</span> 
     </span>
     <span class='ocr_line' id='line_1_23' title="bbox 115 1757 1220 1827; baseline 0.024 -33"><span class='ocrx_word' id='word_1_162' title='bbox 115 1757 290 1798; x_wconf 85' lang='lat' dir='ltr'>Arsenici</span> <span class='ocrx_word' id='word_1_163' title='bbox 316 1765 440 1810; x_wconf 86' lang='lat' dir='ltr'>oxydo</span> <span class='ocrx_word' id='word_1_164' title='bbox 474 1766 674 1808; x_wconf 83' lang='lat' dir='ltr'>intoxicata</span> <span class='ocrx_word' id='word_1_165' title='bbox 700 1770 868 1821; x_wconf 85' lang='lat' dir='ltr'>fuerant,</span> <span class='ocrx_word' id='word_1_166' title='bbox 903 1788 1047 1827; x_wconf 86' lang='lat' dir='ltr'>semper</span> <span class='ocrx_word' id='word_1_167' title='bbox 1069 1782 1220 1821; x_wconf 87' lang='lat' dir='ltr'>solitum</span> 
     </span>
     <span class='ocr_line' id='line_1_24' title="bbox 115 1827 1222 1892; baseline 0.026 -29"><span class='ocrx_word' id='word_1_168' title='bbox 115 1827 295 1867; x_wconf 82' lang='lat' dir='ltr'>excitasse</span> <span class='ocrx_word' id='word_1_169' title='bbox 325 1834 602 1883; x_wconf 88' lang='lat' dir='ltr'>praecipitatum</span> <span class='ocrx_word' id='word_1_170' title='bbox 620 1868 633 1886; x_wconf 83' lang='lat'>‚</span> <span class='ocrx_word' id='word_1_171' title='bbox 662 1842 828 1890; x_wconf 86' lang='lat' dir='ltr'>illudque</span> <span class='ocrx_word' id='word_1_172' title='bbox 865 1849 1065 1888; x_wconf 86' lang='lat' dir='ltr'>celerrime.</span> <span class='ocrx_word' id='word_1_173' title='bbox 1120 1854 1222 1892; x_wconf 87' lang='lat' dir='ltr'>Defi-</span> 
     </span>
     <span class='ocr_line' id='line_1_25' title="bbox 112 1895 1219 1970; baseline 0.026 -38"><span class='ocrx_word' id='word_1_174' title='bbox 112 1895 232 1935; x_wconf 88' lang='lat' dir='ltr'>ciente</span> <span class='ocrx_word' id='word_1_175' title='bbox 263 1910 382 1939; x_wconf 84' lang='lat' dir='ltr'>autem</span> <span class='ocrx_word' id='word_1_176' title='bbox 408 1905 612 1955; x_wconf 85' lang='lat' dir='ltr'>Arsenico,</span> <span class='ocrx_word' id='word_1_177' title='bbox 640 1914 919 1960; x_wconf 85' lang='lat' dir='ltr'>praecipitatum</span> <span class='ocrx_word' id='word_1_178' title='bbox 956 1920 1101 1965; x_wconf 88' lang='lat' dir='ltr'>quidem</span> <span class='ocrx_word' id='word_1_179' title='bbox 1130 1935 1219 1970; x_wconf 84' lang='lat' dir='ltr'>pro·</span> 
     </span>
     <span class='ocr_line' id='line_1_26' title="bbox 110 1964 1216 2032; baseline 0.026 -28"><span class='ocrx_word' id='word_1_180' title='bbox 110 1964 313 2007; x_wconf 87' lang='lat' dir='ltr'>ducebatur</span> <span class='ocrx_word' id='word_1_181' title='bbox 333 1998 346 2017; x_wconf 80' lang='grc'><em>,</em></span> <span class='ocrx_word' id='word_1_182' title='bbox 400 1975 463 2011; x_wconf 92' lang='lat' dir='ltr'>sed</span> <span class='ocrx_word' id='word_1_183' title='bbox 514 1978 639 2015; x_wconf 85' lang='lat' dir='ltr'>colore</span> <span class='ocrx_word' id='word_1_184' title='bbox 684 1982 769 2019; x_wconf 84' lang='lat' dir='ltr'>albo</span> <span class='ocrx_word' id='word_1_185' title='bbox 819 1984 1054 2029; x_wconf 87' lang='lat' dir='ltr'>instructum.</span> <span class='ocrx_word' id='word_1_186' title='bbox 1142 1993 1216 2032; x_wconf 91' lang='lat' dir='ltr'>Ea-</span> 
     </span>
    </p>
   </div>
   <div class='ocr_carea' id='block_1_4' title="bbox 1135 2064 1214 2103">
    <p class='ocr_par' dir='ltr' id='par_1_4' title="bbox 1135 2064 1214 2103">
     <span class='ocr_line' id='line_1_27' title="bbox 1135 2064 1214 2103; baseline 0.038 -2"><span class='ocrx_word' id='word_1_187' title='bbox 1135 2064 1214 2103; x_wconf 88' lang='lat' dir='ltr'>dem</span> 
     </span>
    </p>
   </div>
   <div class='ocr_carea' id='block_1_5' title="bbox 145 2138 525 2183">
    <p class='ocr_par' dir='ltr' id='par_1_5' title="bbox 145 2138 525 2183">
     <span class='ocr_line' id='line_1_28' title="bbox 145 2138 525 2183; baseline 0.024 -14"><span class='ocrx_word' id='word_1_188' title='bbox 145 2138 525 2183; x_wconf 77' lang='lat' dir='ltr'>(1)Marcet,l.e.</span> 
     </span>
    </p>
   </div>
   <div class='ocr_carea' id='block_1_6' title="bbox 144 2193 876 2297">
    <p class='ocr_par' dir='ltr' id='par_1_6' title="bbox 144 2193 876 2297">
     <span class='ocr_line' id='line_1_29' title="bbox 148 2193 876 2254; baseline 0.027 -32"><span class='ocrx_word' id='word_1_189' title='bbox 148 2193 196 2233; x_wconf 85' lang='lat'>(2)</span> <span class='ocrx_word' id='word_1_190' title='bbox 220 2194 242 2224; x_wconf 83' lang='lat' dir='ltr'>l.</span> <span class='ocrx_word' id='word_1_191' title='bbox 264 2207 292 2226; x_wconf 93' lang='lat' dir='ltr'>c.</span> <span class='ocrx_word' id='word_1_192' title='bbox 314 2197 392 2230; x_wconf 78' lang='lat' dir='ltr'>vol.</span> <span class='ocrx_word' id='word_1_193' title='bbox 417 2200 482 2231; x_wconf 83' lang='lat'><em>111.</em></span> <span class='ocrx_word' id='word_1_194' title='bbox 502 2213 535 2240; x_wconf 83' lang='lat' dir='ltr'>p.</span> <span class='ocrx_word' id='word_1_195' title='bbox 558 2203 630 2235; x_wconf 65' lang='lat'>344-</span> <span class='ocrx_word' id='word_1_196' title='bbox 659 2207 761 2246; x_wconf 74' lang='lat' dir='ltr'>(third</span> <span class='ocrx_word' id='word_1_197' title='bbox 783 2210 876 2254; x_wconf 72' lang='lat' dir='ltr'>edit.)</span> 
     </span>
     <span class='ocr_line' id='line_1_30' title="bbox 144 2245 675 2297; baseline 0.03 -22"><span class='ocrx_word' id='word_1_198' title='bbox 144 2245 197 2285; x_wconf 84' lang='lat'>(5)</span> <span class='ocrx_word' id='word_1_199' title='bbox 223 2250 416 2284; x_wconf 75' lang='lat' dir='ltr'>Tassclwnb.</span> <span class='ocrx_word' id='word_1_200' title='bbox 440 2256 527 2286; x_wconf 85' lang='lat'>1815·</span> <span class='ocrx_word' id='word_1_201' title='bbox 555 2268 588 2297; x_wconf 85' lang='lat' dir='ltr'>p·</span> <span class='ocrx_word' id='word_1_202' title='bbox 604 2260 675 2291; x_wconf 74' lang='lat'>126·</span> 
     </span>
    </p>
   </div>
  </div>
 </body>
</html>
