1487 2625
289 191 331 226 14
501 162 1200 217 COMMENTATIO'

282 298 353 334 qua
380 285 523 324 facilius
551 286 589 322 in
613 296 694 323 eum
721 287 842 322 locum
868 285 987 331 afferri
1008 286 1131 334 possit
1154 287 1280 335 calor,
1304 299 1380 336 quo

284 358 315 395 C
328 368 343 392 r
354 367 372 392 e
383 367 404 393 o
416 367 432 392 s
442 366 464 392 o
477 364 491 392 t
503 367 570 391 um
597 355 822 393 continetur.

779 487 812 533 ς.
843 499 882 533 4.

335 597 393 634 De
419 595 601 633 nonnullis
612 623 625 642 ‚
652 597 692 632 in
714 594 883 646 parandi
907 597 1054 634 ratione
1079 594 1117 633 R
1129 594 1199 634 eie
1210 595 1235 633 h
1246 606 1265 634 e
1273 606 1317 634 n·

458 665 691 703 bachiana
715 675 739 700 a
766 665 800 703 K
813 666 984 712 riigcro
1012 666 1184 704 mutatis.

322 772 421 809 Inter
453 782 544 817 eos,
579 770 644 817 qui
675 770 922 817 praeparando
952 769 1195 808 Creosoto
1228 780 1376 818 operam

271 841 467 889 fecerunt,
503 840 660 879 habetur
693 839 800 877 etiam
828 839 1033 888 Kriiger‚
1059 840 1378 889 pharmacopoeus

273 911 576 950 Rostochiensis.
645 910 716 948 Hic
762 909 1264 950 Reichenbachianam
1301 921 1378 948 me-

270 982 423 1020 thodum
458 982 601 1020 studuit
629 978 832 1019 faciliorem
859 980 1034 1028 reddere,
1062 988 1098 1018 et
1123 980 1274 1028 quidem
1301 980 1374 1019 hoc

270 1052 423 1101 opificio
451 1052 546 1101 (1):
601 1050 717 1090 Prima
744 1049 990 1088 destillatione
1023 1062 1068 1089 ex
1095 1051 1178 1099 pice
1205 1050 1373 1098 liquida,

269 1134 288 1160 e
313 1123 413 1170 ligno
441 1131 588 1170 parata,
629 1121 818 1170 separabat
850 1121 1011 1168 primum
1047 1121 1302 1169 destinatum,
1336 1128 1375 1159 et

269 1193 503 1230 solummodo
541 1200 680 1240 partem
717 1199 907 1239 postremo
945 1198 1206 1228 transeumtem
1247 1190 1286 1229 in
1315 1202 1375 1230 se-

268 1271 406 1310 quente
442 1262 657 1310 operatione
685 1260 867 1299 adhibuit.
938 1259 1000 1298 Sic
1025 1260 1165 1309 eupion
1197 1260 1375 1300 minorem

266 1333 410 1381 peperit
434 1332 654 1371 molestiam.
709 1331 853 1371 Deinde
876 1330 1056 1368 solutioni
1083 1331 1123 1370 in
1151 1330 1280 1369 lixivio
1303 1343 1374 1380 po-

268 1413 384 1441 tassae
409 1403 615 1448 causticae,
644 1401 736 1440 aeris
760 1401 950 1439 contactui
980 1400 1175 1450 expositae
1198 1402 1284 1439 dum
1310 1401 1374 1439 de·

262 1483 515 1522 coqueretur,
565 1482 600 1510 et
641 1481 729 1509 tunc
778 1470 1008 1519 refrigeratae
1025 1499 1037 1517 ‚
1086 1470 1218 1519 adJecit
1255 1481 1371 1517 aquae

264 1545 501 1591 quantitatem
518 1572 531 1590 ,
568 1542 770 1590 quominus-
798 1542 969 1589 crystalla
992 1540 1176 1587 sulphatis
1200 1548 1371 1588 potassae

263 1623 418 1662 possent
453 1612 600 1651 formari
639 1613 678 1649 in
711 1613 790 1660 ejus
824 1610 1142 1658 decompositione
1173 1621 1246 1659 ope
1275 1611 1369 1649 acidi

261 1684 493 1732 sulphurici‚
522 1695 597 1730 quo
627 1681 783 1719 artificio
809 1681 907 1719 haud
932 1679 1135 1718 necessaria
1161 1680 1202 1718 fit
1225 1691 1369 1727 separa·

261 1754 314 1791 tio
338 1754 596 1803 crystallorum
612 1780 624 1798 ‚
660 1764 703 1790 cx
729 1753 807 1800 ejus
834 1750 1019 1789 sementia
1042 1749 1198 1788 difficilis
1225 1759 1262 1788 et
1286 1751 1368 1789 diu·

256 1834 388 1861 turnus
424 1823 557 1868 labor,
598 1822 701 1870 quod
738 1831 858 1859 tamen
893 1820 983 1860 mihi
1017 1820 1168 1858 nonita
1192 1820 1364 1867 videtur,

255 1906 338 1931 cum
368 1893 496 1941 potius
521 1900 702 1941 promtam
725 1881 881 1939 rehuirit
906 1901 1069 1929 manum.

306 1963 486 2002 Adhibuit
518 1971 683 2002 retortas,
711 1962 872 2010 capsulis
907 1960 1033 1999 efflatis
1068 1959 1293 2006 instructas,
1319 1966 1362 1996 ut

253 2042 469 2081 apparatum
507 2031 799 2077 destinationis,
839 2041 930 2077 quas
967 2028 1094 2068 fasciis
1136 2028 1362 2066 membrana·

254 2104 327 2140 reis
353 2113 389 2139 ct
426 2102 549 2139 linteis
592 2101 753 2149 tegebat.
818 2101 924 2138 Usus
960 2099 1025 2138 lini
1061 2108 1179 2137 tamen
1215 2099 1253 2136 in
1289 2099 1359 2136 hu-

1044 2173 1046 2175 ’
1278 2170 1341 2218 J'us

295 2244 341 2281 (1)
367 2242 461 2271 (jons.
486 2241 506 2270 Β
525 2242 541 2269 ii
559 2240 607 2270 ch
623 2251 642 2269 n
657 2251 672 2270 e
687 2250 722 2276 r,
751 2241 883 2279 Repert-
906 2236 996 2269 1834.
1018 2235 1081 2267 ΝΟ.
1097 2235 1165 2267 140.
1189 2248 1221 2276 p.
1235 2236 1307 2277 273·
