<?xml version="1.0" encoding="UTF-8"?>
<!DOCTYPE html PUBLIC "-//W3C//DTD XHTML 1.0 Transitional//EN"
    "http://www.w3.org/TR/xhtml1/DTD/xhtml1-transitional.dtd">
<html xmlns="http://www.w3.org/1999/xhtml" xml:lang="en" lang="en">
 <head>
  <title>
</title>
<meta http-equiv="Content-Type" content="text/html;charset=utf-8" />
  <meta name='ocr-system' content='tesseract 3.04.00' />
  <meta name='ocr-capabilities' content='ocr_page ocr_carea ocr_par ocr_line ocrx_word'/>
</head>
<body>
  <div class='ocr_page' id='page_1' title='image "annalesacademiae35rhen_0375.png"; bbox 0 0 1487 2625; ppageno 0'>
   <div class='ocr_carea' id='block_1_1' title="bbox 335 218 1186 271">
    <p class='ocr_par' dir='ltr' id='par_1_1' title="bbox 335 218 1186 271">
     <span class='ocr_line' id='line_1_1' title="bbox 335 218 1186 271; baseline -0.002 -8"><span class='ocrx_word' id='word_1_1' title='bbox 335 218 924 263; x_wconf 85' lang='lat' dir='ltr'><strong>THEOLOGICA.</strong></span> <span class='ocrx_word' id='word_1_2' title='bbox 1140 231 1186 271; x_wconf 76' lang='lat'>25</span> 
     </span>
    </p>
   </div>
   <div class='ocr_carea' id='block_1_2' title="bbox 21 331 1185 387">
    <p class='ocr_par' dir='ltr' id='par_1_2' title="bbox 21 331 1185 387">
     <span class='ocr_line' id='line_1_2' title="bbox 21 331 1185 387; baseline -0.006 -10"><span class='ocrx_word' id='word_1_3' title='bbox 21 376 24 381; x_wconf 89' lang='grc'><strong>,</strong></span> <span class='ocrx_word' id='word_1_4' title='bbox 82 336 246 387; x_wconf 84' lang='lat' dir='ltr'>optimos</span> <span class='ocrx_word' id='word_1_5' title='bbox 278 334 363 372; x_wconf 81' lang='lat' dir='ltr'>b&#39;elli</span> <span class='ocrx_word' id='word_1_6' title='bbox 394 333 506 370; x_wconf 90' lang='lat' dir='ltr'>duces</span> <span class='ocrx_word' id='word_1_7' title='bbox 547 340 583 370; x_wconf 91' lang='lat' dir='ltr'>et</span> <span class='ocrx_word' id='word_1_8' title='bbox 599 331 759 370; x_wconf 85' lang='lat' dir='ltr'>civitatis</span> <span class='ocrx_word' id='word_1_9' title='bbox 786 341 976 379; x_wconf 78' lang='lat' dir='ltr'>rectores,</span> <span class='ocrx_word' id='word_1_10' title='bbox 1004 333 1185 380; x_wconf 71' lang='lat' dir='ltr'>simulac3</span> 
     </span>
    </p>
   </div>
   <div class='ocr_carea' id='block_1_3' title="bbox 0 1622 31 2625">
    <p class='ocr_par' dir='ltr' id='par_1_3' title="bbox 0 1622 31 2625">
     <span class='ocr_line' id='line_1_3' title="bbox 0 1622 31 2625; baseline 0 0"><span class='ocrx_word' id='word_1_11' title='bbox 0 1622 31 2625; x_wconf 95' lang='lat' dir='ltr'> </span> 
     </span>
    </p>
   </div>
   <div class='ocr_carea' id='block_1_4' title="bbox 78 401 1225 2278">
    <p class='ocr_par' dir='ltr' id='par_1_4' title="bbox 84 401 1192 733">
     <span class='ocr_line' id='line_1_4' title="bbox 85 401 1189 455; baseline -0.003 -11"><span class='ocrx_word' id='word_1_12' title='bbox 85 417 193 455; x_wconf 87' lang='lat' dir='ltr'>quam</span> <span class='ocrx_word' id='word_1_13' title='bbox 235 404 331 442; x_wconf 83' lang='lat' dir='ltr'>ferre</span> <span class='ocrx_word' id='word_1_14' title='bbox 362 414 438 441; x_wconf 90' lang='lat' dir='ltr'>non</span> <span class='ocrx_word' id='word_1_15' title='bbox 466 402 625 451; x_wconf 87' lang='lat' dir='ltr'>amplius</span> <span class='ocrx_word' id='word_1_16' title='bbox 649 410 793 450; x_wconf 81' lang='lat' dir='ltr'>poterat</span> <span class='ocrx_word' id='word_1_17' title='bbox 812 430 825 448; x_wconf 82' lang='lat'>‚</span> <span class='ocrx_word' id='word_1_18' title='bbox 867 401 1015 440; x_wconf 83' lang='lat' dir='ltr'>fortuna</span> <span class='ocrx_word' id='word_1_19' title='bbox 1037 403 1189 441; x_wconf 85' lang='lat' dir='ltr'>adversa</span> 
     </span>
     <span class='ocr_line' id='line_1_5' title="bbox 84 471 1191 523; baseline -0.003 -10"><span class='ocrx_word' id='word_1_20' title='bbox 84 475 274 513; x_wconf 86' lang='lat' dir='ltr'><strong>inciderat.</strong></span> <span class='ocrx_word' id='word_1_21' title='bbox 327 474 414 523; x_wconf 90' lang='lat' dir='ltr'>Quo</span> <span class='ocrx_word' id='word_1_22' title='bbox 457 473 540 520; x_wconf 88' lang='lat' dir='ltr'>ipso</span> <span class='ocrx_word' id='word_1_23' title='bbox 566 472 751 510; x_wconf 87' lang='lat' dir='ltr'>interitum</span> <span class='ocrx_word' id='word_1_24' title='bbox 783 471 856 510; x_wconf 86' lang='lat' dir='ltr'>sibi</span> <span class='ocrx_word' id='word_1_25' title='bbox 885 473 1026 520; x_wconf 83' lang='lat' dir='ltr'>paravit</span> <span class='ocrx_word' id='word_1_26' title='bbox 1059 473 1191 510; x_wconf 79' lang='lat' dir='ltr'><em>Athe-</em></span> 
     </span>
     <span class='ocr_line' id='line_1_6' title="bbox 84 542 1190 589; baseline -0.001 -7"><span class='ocrx_word' id='word_1_27' title='bbox 84 545 323 582; x_wconf 77' lang='lat' dir='ltr'><em>niensium</em></span> <span class='ocrx_word' id='word_1_28' title='bbox 373 543 530 589; x_wconf 86' lang='lat' dir='ltr'>civitas‚</span> <span class='ocrx_word' id='word_1_29' title='bbox 573 542 623 580; x_wconf 86' lang='lat' dir='ltr'>ita</span> <span class='ocrx_word' id='word_1_30' title='bbox 672 552 712 581; x_wconf 88' lang='lat' dir='ltr'>ut</span> <span class='ocrx_word' id='word_1_31' title='bbox 749 551 836 579; x_wconf 84' lang='lat' dir='ltr'>mox</span> <span class='ocrx_word' id='word_1_32' title='bbox 879 542 1190 581; x_wconf 56' lang='lat' dir='ltr'>Macedonum</span> 
     </span>
     <span class='ocr_line' id='line_1_7' title="bbox 85 612 1192 663; baseline -0.002 -11"><span class='ocrx_word' id='word_1_33' title='bbox 85 613 240 663; x_wconf 88' lang='lat' dir='ltr'>imperio</span> <span class='ocrx_word' id='word_1_34' title='bbox 277 613 546 662; x_wconf 78' lang='lat' dir='ltr'><strong>subjiceretur,</strong></span> <span class='ocrx_word' id='word_1_35' title='bbox 596 623 663 649; x_wconf 87' lang='lat' dir='ltr'>nec</span> <span class='ocrx_word' id='word_1_36' title='bbox 700 623 861 659; x_wconf 88' lang='lat' dir='ltr'>unquam</span> <span class='ocrx_word' id='word_1_37' title='bbox 897 612 1100 650; x_wconf 84' lang='lat' dir='ltr'>libertatem</span> <span class='ocrx_word' id='word_1_38' title='bbox 1136 624 1192 650; x_wconf 87' lang='lat' dir='ltr'>re-</span> 
     </span>
     <span class='ocr_line' id='line_1_8' title="bbox 84 683 390 733; baseline -0.007 -11"><span class='ocrx_word' id='word_1_39' title='bbox 84 691 276 733; x_wconf 85' lang='lat' dir='ltr'>cuperaret</span> <span class='ocrx_word' id='word_1_40' title='bbox 302 683 390 732; x_wconf 83' lang='lat'>(1).</span> 
     </span>
    </p>

    <p class='ocr_par' dir='ltr' id='par_1_5' title="bbox 78 752 1194 1290">
     <span class='ocr_line' id='line_1_9' title="bbox 78 752 1193 799; baseline -0.001 -8"><span class='ocrx_word' id='word_1_41' title='bbox 78 761 85 786; x_wconf 73' lang='lat'><em>1</em></span> <span class='ocrx_word' id='word_1_42' title='bbox 135 753 237 792; x_wconf 86' lang='lat' dir='ltr'>Haec</span> <span class='ocrx_word' id='word_1_43' title='bbox 263 753 487 792; x_wconf 86' lang='lat' dir='ltr'>Socrates</span> <span class='ocrx_word' id='word_1_44' title='bbox 514 752 672 799; x_wconf 85' lang='lat' dir='ltr'>videns,</span> <span class='ocrx_word' id='word_1_45' title='bbox 713 760 749 788; x_wconf 91' lang='lat' dir='ltr'>et</span> <span class='ocrx_word' id='word_1_46' title='bbox 784 763 929 788; x_wconf 84' lang='lat' dir='ltr'>summo</span> <span class='ocrx_word' id='word_1_47' title='bbox 954 763 1037 790; x_wconf 83' lang='lat' dir='ltr'>cum</span> <span class='ocrx_word' id='word_1_48' title='bbox 1064 753 1193 791; x_wconf 88' lang='lat' dir='ltr'>dolore</span> 
     </span>
     <span class='ocr_line' id='line_1_10' title="bbox 85 821 1191 870; baseline 0 -10"><span class='ocrx_word' id='word_1_49' title='bbox 85 821 243 870; x_wconf 76' lang='lat' dir='ltr'>videris,</span> <span class='ocrx_word' id='word_1_50' title='bbox 271 833 371 861; x_wconf 82' lang='lat' dir='ltr'>num</span> <span class='ocrx_word' id='word_1_51' title='bbox 387 822 556 870; x_wconf 80' lang='lat' dir='ltr'>quievit,</span> <span class='ocrx_word' id='word_1_52' title='bbox 584 830 620 859; x_wconf 89' lang='lat' dir='ltr'>et</span> <span class='ocrx_word' id='word_1_53' title='bbox 645 821 684 858; x_wconf 90' lang='lat' dir='ltr'>in</span> <span class='ocrx_word' id='word_1_54' title='bbox 709 821 870 858; x_wconf 84' lang='lat' dir='ltr'>obscuro</span> <span class='ocrx_word' id='word_1_55' title='bbox 894 821 1069 860; x_wconf 75' lang='lat' dir='ltr'>delituit?</span> <span class='ocrx_word' id='word_1_56' title='bbox 1106 823 1191 860; x_wconf 90' lang='lat' dir='ltr'>Hoc</span> 
     </span>
     <span class='ocr_line' id='line_1_11' title="bbox 85 891 1192 940; baseline 0 -11"><span class='ocrx_word' id='word_1_57' title='bbox 85 902 163 929; x_wconf 85' lang='lat' dir='ltr'>non</span> <span class='ocrx_word' id='word_1_58' title='bbox 195 891 335 930; x_wconf 86' lang='lat' dir='ltr'>ferebat</span> <span class='ocrx_word' id='word_1_59' title='bbox 368 891 486 940; x_wconf 87' lang='lat' dir='ltr'>ipsius</span> <span class='ocrx_word' id='word_1_60' title='bbox 526 891 745 939; x_wconf 79' lang='lat' dir='ltr'>ingenium,</span> <span class='ocrx_word' id='word_1_61' title='bbox 785 891 886 938; x_wconf 90' lang='lat' dir='ltr'>quod</span> <span class='ocrx_word' id='word_1_62' title='bbox 927 892 974 929; x_wconf 87' lang='lat' dir='ltr'>ad</span> <span class='ocrx_word' id='word_1_63' title='bbox 1012 893 1192 940; x_wconf 83' lang='lat' dir='ltr'>agendum</span> 
     </span>
     <span class='ocr_line' id='line_1_12' title="bbox 86 961 1189 1011; baseline 0.001 -12"><span class='ocrx_word' id='word_1_64' title='bbox 86 962 492 1011; x_wconf 79' lang='lat' dir='ltr'>semper-trahebatur,</span> <span class='ocrx_word' id='word_1_65' title='bbox 520 961 834 1010; x_wconf 84' lang='lat' dir='ltr'>contemplatione</span> <span class='ocrx_word' id='word_1_66' title='bbox 853 973 930 1000; x_wconf 91' lang='lat' dir='ltr'>non</span> <span class='ocrx_word' id='word_1_67' title='bbox 954 971 1189 1000; x_wconf 82' lang='lat' dir='ltr'>contentum.</span> 
     </span>
     <span class='ocr_line' id='line_1_13' title="bbox 88 1028 1194 1081; baseline -0.001 -11"><span class='ocrx_word' id='word_1_68' title='bbox 88 1031 150 1070; x_wconf 86' lang='lat' dir='ltr'>Ex</span> <span class='ocrx_word' id='word_1_69' title='bbox 185 1040 290 1070; x_wconf 83' lang='lat' dir='ltr'>antro</span> <span class='ocrx_word' id='word_1_70' title='bbox 320 1032 384 1069; x_wconf 93' lang='lat' dir='ltr'>illo</span> <span class='ocrx_word' id='word_1_71' title='bbox 417 1043 617 1081; x_wconf 79' lang='lat' dir='ltr'>egressus,</span> <span class='ocrx_word' id='word_1_72' title='bbox 651 1031 753 1069; x_wconf 87' lang='lat' dir='ltr'>nefas</span> <span class='ocrx_word' id='word_1_73' title='bbox 780 1032 885 1070; x_wconf 86' lang='lat' dir='ltr'>duxit</span> <span class='ocrx_word' id='word_1_74' title='bbox 919 1044 995 1070; x_wconf 92' lang='lat' dir='ltr'>non</span> <span class='ocrx_word' id='word_1_75' title='bbox 1028 1033 1065 1069; x_wconf 87' lang='lat' dir='ltr'>in</span> <span class='ocrx_word' id='word_1_76' title='bbox 1101 1028 1194 1069; x_wconf 83' lang='lat' dir='ltr'>ill&#39;ud</span> 
     </span>
     <span class='ocr_line' id='line_1_14' title="bbox 87 1101 1194 1149; baseline 0 -10"><span class='ocrx_word' id='word_1_77' title='bbox 87 1101 230 1148; x_wconf 81' lang='lat' dir='ltr'>redire,</span> <span class='ocrx_word' id='word_1_78' title='bbox 270 1102 438 1148; x_wconf 90' lang='lat' dir='ltr'>aliosque</span> <span class='ocrx_word' id='word_1_79' title='bbox 466 1102 572 1139; x_wconf 86' lang='lat' dir='ltr'>etiam</span> <span class='ocrx_word' id='word_1_80' title='bbox 605 1102 690 1139; x_wconf 86' lang='lat' dir='ltr'>inde</span> <span class='ocrx_word' id='word_1_81' title='bbox 718 1102 895 1140; x_wconf 87' lang='lat' dir='ltr'>educere:</span> <span class='ocrx_word' id='word_1_82' title='bbox 936 1102 1194 1149; x_wconf 74' lang='lat' dir='ltr'>quod-Plato</span> 
     </span>
     <span class='ocr_line' id='line_1_15' title="bbox 86 1160 1194 1222; baseline 0 -14"><span class='ocrx_word' id='word_1_83' title='bbox 86 1171 124 1209; x_wconf 89' lang='lat' dir='ltr'>in</span> <span class='ocrx_word' id='word_1_84' title='bbox 161 1171 405 1219; x_wconf 84' lang='lat' dir='ltr'>pulcherrima</span> <span class='ocrx_word' id='word_1_85' title='bbox 442 1170 502 1209; x_wconf 88' lang='lat' dir='ltr'>illa</span> <span class='ocrx_word' id='word_1_86' title='bbox 539 1172 731 1222; x_wconf 76' lang='lat' dir='ltr'>speluncae</span> <span class='ocrx_word' id='word_1_87' title='bbox 765 1172 922 1220; x_wconf 79' lang='lat' dir='ltr'>imagine</span> <span class='ocrx_word' id='word_1_88' title='bbox 956 1160 1194 1220; x_wconf 84' lang='lat' dir='ltr'>philosophis</span> 
     </span>
     <span class='ocr_line' id='line_1_16' title="bbox 85 1241 796 1290; baseline 0.014 -13"><span class='ocrx_word' id='word_1_89' title='bbox 85 1241 279 1290; x_wconf 86' lang='lat' dir='ltr'>praecipit.</span> <span class='ocrx_word' id='word_1_90' title='bbox 794 1285 796 1287; x_wconf 77' lang='grc'>,</span> 
     </span>
    </p>

    <p class='ocr_par' dir='ltr' id='par_1_6' title="bbox 84 1310 1225 2128">
     <span class='ocr_line' id='line_1_17' title="bbox 137 1310 1197 1359; baseline 0.001 -11"><span class='ocrx_word' id='word_1_91' title='bbox 137 1310 272 1349; x_wconf 88' lang='lat' dir='ltr'>Voluit</span> <span class='ocrx_word' id='word_1_92' title='bbox 298 1321 451 1356; x_wconf 78' lang='lat' dir='ltr'>omnes,</span> <span class='ocrx_word' id='word_1_93' title='bbox 480 1310 603 1358; x_wconf 88' lang='lat' dir='ltr'>plures</span> <span class='ocrx_word' id='word_1_94' title='bbox 629 1321 785 1348; x_wconf 83' lang='lat' dir='ltr'>conatus</span> <span class='ocrx_word' id='word_1_95' title='bbox 814 1321 895 1359; x_wconf 81' lang='lat' dir='ltr'>est,</span> <span class='ocrx_word' id='word_1_96' title='bbox 926 1311 1122 1350; x_wconf 83' lang='lat' dir='ltr'>informare</span> <span class='ocrx_word' id='word_1_97' title='bbox 1152 1312 1197 1349; x_wconf 82' lang='lat' dir='ltr'>ad</span> 
     </span>
     <span class='ocr_line' id='line_1_18' title="bbox 86 1381 1196 1431; baseline -0.001 -12"><span class='ocrx_word' id='word_1_98' title='bbox 86 1381 335 1431; x_wconf 75' lang='lat' dir='ltr'>sapientiam,</span> <span class='ocrx_word' id='word_1_99' title='bbox 375 1390 469 1427; x_wconf 86' lang='lat' dir='ltr'>quae</span> <span class='ocrx_word' id='word_1_100' title='bbox 509 1388 655 1418; x_wconf 84' lang='lat' dir='ltr'>constat</span> <span class='ocrx_word' id='word_1_101' title='bbox 688 1381 843 1418; x_wconf 80' lang='lat' dir='ltr'>maxime</span> <span class='ocrx_word' id='word_1_102' title='bbox 878 1383 937 1418; x_wconf 74' lang='lat' dir='ltr'>sui</span> <span class='ocrx_word' id='word_1_103' title='bbox 970 1382 1196 1430; x_wconf 75' lang='lat' dir='ltr'>cognitione,</span> 
     </span>
     <span class='ocr_line' id='line_1_19' title="bbox 87 1449 1225 1501; baseline 0.001 -14"><span class='ocrx_word' id='word_1_104' title='bbox 87 1458 130 1487; x_wconf 90' lang='lat' dir='ltr'>ut</span> <span class='ocrx_word' id='word_1_105' title='bbox 156 1450 240 1487; x_wconf 87' lang='lat' dir='ltr'>-hac</span> <span class='ocrx_word' id='word_1_106' title='bbox 291 1449 420 1487; x_wconf 89' lang='lat' dir='ltr'>fierent</span> <span class='ocrx_word' id='word_1_107' title='bbox 465 1458 730 1500; x_wconf 76' lang='lat' dir='ltr'>temperantes,</span> <span class='ocrx_word' id='word_1_108' title='bbox 770 1450 918 1499; x_wconf 80' lang='lat' dir='ltr'>fortes,</span> <span class='ocrx_word' id='word_1_109' title='bbox 957 1451 1083 1501; x_wconf 79' lang='lat' dir='ltr'>justi,</span> <span class='ocrx_word' id='word_1_110' title='bbox 1133 1452 1199 1488; x_wconf 86' lang='lat' dir='ltr'>has</span> <span class='ocrx_word' id='word_1_111' title='bbox 1223 1461 1225 1463; x_wconf 79' lang='grc'><strong>’</strong></span> 
     </span>
     <span class='ocr_line' id='line_1_20' title="bbox 87 1519 1198 1570; baseline -0.002 -12"><span class='ocrx_word' id='word_1_112' title='bbox 87 1528 207 1558; x_wconf 88' lang='lat' dir='ltr'>autem</span> <span class='ocrx_word' id='word_1_113' title='bbox 245 1519 401 1556; x_wconf 88' lang='lat' dir='ltr'>virtutes</span> <span class='ocrx_word' id='word_1_114' title='bbox 434 1520 554 1565; x_wconf 77' lang='lat' dir='ltr'>nacti,</span> <span class='ocrx_word' id='word_1_115' title='bbox 594 1528 716 1556; x_wconf 83' lang='lat' dir='ltr'>essent</span> <span class='ocrx_word' id='word_1_116' title='bbox 760 1522 1030 1570; x_wconf 71' lang='grc' dir='ltr'><em>καλοκᾳγοιθοὶ,</em></span> <span class='ocrx_word' id='word_1_117' title='bbox 1081 1529 1116 1557; x_wconf 88' lang='lat' dir='ltr'>et</span> <span class='ocrx_word' id='word_1_118' title='bbox 1154 1531 1198 1556; x_wconf 90' lang='lat' dir='ltr'>eo</span> 
     </span>
     <span class='ocr_line' id='line_1_21' title="bbox 87 1588 1198 1638; baseline 0.002 -13"><span class='ocrx_word' id='word_1_119' title='bbox 87 1589 171 1637; x_wconf 89' lang='lat' dir='ltr'>ipso</span> <span class='ocrx_word' id='word_1_120' title='bbox 197 1600 281 1627; x_wconf 88' lang='lat' dir='ltr'>vere</span> <span class='ocrx_word' id='word_1_121' title='bbox 297 1589 441 1637; x_wconf 78' lang='lat' dir='ltr'>felices.</span> <span class='ocrx_word' id='word_1_122' title='bbox 496 1589 610 1638; x_wconf 87' lang='lat' dir='ltr'>Quod</span> <span class='ocrx_word' id='word_1_123' title='bbox 647 1588 861 1626; x_wconf 86' lang='lat' dir='ltr'>Socratis</span> <span class='ocrx_word' id='word_1_124' title='bbox 901 1589 1120 1635; x_wconf 85' lang='lat' dir='ltr'>consilium,</span> <span class='ocrx_word' id='word_1_125' title='bbox 1150 1589 1198 1627; x_wconf 87' lang='lat' dir='ltr'>ita</span> 
     </span>
     <span class='ocr_line' id='line_1_22' title="bbox 84 1648 1199 1707; baseline -0.002 -10"><span class='ocrx_word' id='word_1_126' title='bbox 84 1648 268 1697; x_wconf 79' lang='lat' dir='ltr'>&#39;brevibus</span> <span class='ocrx_word' id='word_1_127' title='bbox 305 1659 429 1697; x_wconf 86' lang='lat' dir='ltr'>verbis</span> <span class='ocrx_word' id='word_1_128' title='bbox 462 1670 706 1707; x_wconf 78' lang='lat' dir='ltr'>expressum,</span> <span class='ocrx_word' id='word_1_129' title='bbox 735 1659 858 1706; x_wconf 88' lang='lat' dir='ltr'>paullo</span> <span class='ocrx_word' id='word_1_130' title='bbox 895 1659 1045 1695; x_wconf 85' lang='lat' dir='ltr'>uberius</span> <span class='ocrx_word' id='word_1_131' title='bbox 1082 1659 1199 1706; x_wconf 85' lang='lat' dir='ltr'>expli-</span> 
     </span>
     <span class='ocr_line' id='line_1_23' title="bbox 87 1727 1197 1778; baseline -0.003 -10"><span class='ocrx_word' id='word_1_132' title='bbox 87 1740 230 1768; x_wconf 82' lang='lat' dir='ltr'>cemuS.</span> <span class='ocrx_word' id='word_1_133' title='bbox 282 1728 384 1778; x_wconf 88' lang='lat' dir='ltr'>Quid</span> <span class='ocrx_word' id='word_1_134' title='bbox 407 1737 464 1766; x_wconf 89' lang='lat' dir='ltr'>est</span> <span class='ocrx_word' id='word_1_135' title='bbox 490 1729 551 1766; x_wconf 86' lang='lat' dir='ltr'>illa</span> <span class='ocrx_word' id='word_1_136' title='bbox 577 1730 856 1778; x_wconf 64' lang='grc' dir='ltr'>κωλοκᾳγοιθίικ,</span> <span class='ocrx_word' id='word_1_137' title='bbox 885 1739 992 1775; x_wconf 84' lang='lat' dir='ltr'>quam</span> <span class='ocrx_word' id='word_1_138' title='bbox 1022 1737 1064 1765; x_wconf 85' lang='lat' dir='ltr'>ut</span> <span class='ocrx_word' id='word_1_139' title='bbox 1087 1727 1197 1765; x_wconf 81' lang='lat' dir='ltr'>finem</span> 
     </span>
     <span class='ocr_line' id='line_1_24' title="bbox 88 1798 1195 1848; baseline -0.002 -11"><span class='ocrx_word' id='word_1_140' title='bbox 88 1799 160 1838; x_wconf 91' lang='lat' dir='ltr'>sibi</span> <span class='ocrx_word' id='word_1_141' title='bbox 187 1798 452 1848; x_wconf 77' lang='lat' dir='ltr'>proponebat?</span> <span class='ocrx_word' id='word_1_142' title='bbox 530 1799 644 1848; x_wconf 87' lang='lat' dir='ltr'>Quod</span> <span class='ocrx_word' id='word_1_143' title='bbox 683 1808 725 1836; x_wconf 91' lang='lat' dir='ltr'>ut</span> <span class='ocrx_word' id='word_1_144' title='bbox 758 1798 1010 1846; x_wconf 78' lang='lat' dir='ltr'>explicemus,</span> <span class='ocrx_word' id='word_1_145' title='bbox 1039 1798 1195 1846; x_wconf 86' lang='lat' dir='ltr'>primum</span> 
     </span>
     <span class='ocr_line' id='line_1_25' title="bbox 87 1858 1199 1916; baseline -0.004 -8"><span class='ocrx_word' id='word_1_146' title='bbox 87 1869 310 1916; x_wconf 80' lang='lat' dir='ltr'>videndum,</span> <span class='ocrx_word' id='word_1_147' title='bbox 338 1868 428 1916; x_wconf 84' lang='lat' dir='ltr'>quid</span> <span class='ocrx_word' id='word_1_148' title='bbox 455 1858 663 1916; x_wconf 59' lang='lat' dir='ltr'>siembv,</span> <span class='ocrx_word' id='word_1_149' title='bbox 691 1869 781 1916; x_wconf 86' lang='lat' dir='ltr'>quid</span> <span class='ocrx_word' id='word_1_150' title='bbox 808 1870 956 1916; x_wconf 56' lang='grc' dir='ltr'><em>ἀγαθόν.</em></span> <span class='ocrx_word' id='word_1_151' title='bbox 1011 1868 1096 1915; x_wconf 86' lang='lat' dir='ltr'>Ipse</span> <span class='ocrx_word' id='word_1_152' title='bbox 1123 1868 1199 1904; x_wconf 79' lang='lat' dir='ltr'>So-</span> 
     </span>
     <span class='ocr_line' id='line_1_26' title="bbox 87 1937 1199 1986; baseline -0.004 -8"><span class='ocrx_word' id='word_1_153' title='bbox 87 1948 242 1978; x_wconf 84' lang='lat' dir='ltr'>crates</span> <span class='ocrx_word' id='word_1_154' title='bbox 280 1939 367 1976; x_wconf 88' lang='lat' dir='ltr'>haec</span> <span class='ocrx_word' id='word_1_155' title='bbox 405 1937 670 1986; x_wconf 82' lang='lat' dir='ltr'>itaexplicat:</span> <span class='ocrx_word' id='word_1_156' title='bbox 719 1966 741 1986; x_wconf 89' lang='lat'>„</span> <span class='ocrx_word' id='word_1_157' title='bbox 767 1949 844 1976; x_wconf 88' lang='lat' dir='ltr'>non</span> <span class='ocrx_word' id='word_1_158' title='bbox 878 1938 977 1975; x_wconf 84' lang='lat' dir='ltr'>aliud</span> <span class='ocrx_word' id='word_1_159' title='bbox 1014 1938 1104 1984; x_wconf 89' lang='lat' dir='ltr'>quid</span> <span class='ocrx_word' id='word_1_160' title='bbox 1143 1946 1199 1974; x_wconf 83' lang='lat' dir='ltr'>est</span> 
     </span>
     <span class='ocr_line' id='line_1_27' title="bbox 91 2006 1196 2060; baseline -0.007 -10"><span class='ocrx_word' id='word_1_161' title='bbox 91 2038 116 2060; x_wconf 87' lang='lat'>„</span> <span class='ocrx_word' id='word_1_162' title='bbox 140 2011 301 2058; x_wconf 68' lang='grc' dir='ltr'>ἀγαθὸν,</span> <span class='ocrx_word' id='word_1_163' title='bbox 340 2019 447 2055; x_wconf 84' lang='lat' dir='ltr'>quam</span> <span class='ocrx_word' id='word_1_164' title='bbox 472 2010 512 2048; x_wconf 79' lang='grc' dir='ltr'>τὸ</span> <span class='ocrx_word' id='word_1_165' title='bbox 540 2010 717 2057; x_wconf 77' lang='grc' dir='ltr'><em>ὠφέλιμον</em></span> <span class='ocrx_word' id='word_1_166' title='bbox 731 2021 751 2054; x_wconf 85' lang='grc'>,’</span> <span class='ocrx_word' id='word_1_167' title='bbox 783 2007 847 2045; x_wconf 87' lang='lat' dir='ltr'>sed</span> <span class='ocrx_word' id='word_1_168' title='bbox 877 2008 966 2053; x_wconf 63' lang='lat' dir='ltr'>utile</span> <span class='ocrx_word' id='word_1_169' title='bbox 987 2014 1044 2043; x_wconf 88' lang='lat' dir='ltr'>est</span> <span class='ocrx_word' id='word_1_170' title='bbox 1067 2006 1196 2044; x_wconf 81' lang='lat' dir='ltr'>bonum</span> 
     </span>
     <span class='ocr_line' id='line_1_28' title="bbox 91 2076 1199 2128; baseline -0.005 -10"><span class='ocrx_word' id='word_1_171' title='bbox 91 2107 116 2128; x_wconf 88' lang='lat'>„</span> <span class='ocrx_word' id='word_1_172' title='bbox 143 2080 175 2118; x_wconf 89' lang='lat' dir='ltr'>ei</span> <span class='ocrx_word' id='word_1_173' title='bbox 223 2079 298 2125; x_wconf 82' lang='lat' dir='ltr'>rei,</span> <span class='ocrx_word' id='word_1_174' title='bbox 347 2077 407 2115; x_wconf 89' lang='lat' dir='ltr'>cui</span> <span class='ocrx_word' id='word_1_175' title='bbox 442 2078 531 2115; x_wconf 87' lang='lat' dir='ltr'>utile</span> <span class='ocrx_word' id='word_1_176' title='bbox 570 2085 625 2115; x_wconf 88' lang='lat' dir='ltr'>est</span> <span class='ocrx_word' id='word_1_177' title='bbox 645 2076 728 2124; x_wconf 84' lang='lat'><strong>(2).</strong></span> <span class='ocrx_word' id='word_1_178' title='bbox 823 2077 1001 2114; x_wconf 75' lang='lat' dir='ltr'>Pulcrum</span> <span class='ocrx_word' id='word_1_179' title='bbox 1039 2086 1115 2113; x_wconf 87' lang='lat' dir='ltr'>non</span> <span class='ocrx_word' id='word_1_180' title='bbox 1153 2077 1199 2113; x_wconf 80' lang='lat' dir='ltr'>ad</span> 
     </span>
    </p>

    <p class='ocr_par' dir='ltr' id='par_1_7' title="bbox 720 2152 1196 2193">
     <span class='ocr_line' id='line_1_29' title="bbox 720 2152 1196 2193; baseline 0 0"><span class='ocrx_word' id='word_1_181' title='bbox 720 2152 724 2155; x_wconf 88' lang='lat'>.</span> <span class='ocrx_word' id='word_1_182' title='bbox 1112 2173 1135 2193; x_wconf 66' lang='grc' dir='ltr'>’ν</span> <span class='ocrx_word' id='word_1_183' title='bbox 1162 2158 1196 2183; x_wconf 71' lang='lat' dir='ltr'>a‘</span> 
     </span>
    </p>

    <p class='ocr_par' dir='ltr' id='par_1_8' title="bbox 129 2234 1197 2278">
     <span class='ocr_line' id='line_1_30' title="bbox 129 2234 1197 2278; baseline -0.008 -9"><span class='ocrx_word' id='word_1_184' title='bbox 129 2238 179 2278; x_wconf 84' lang='grc' dir='ltr'>(ι)</span> <span class='ocrx_word' id='word_1_185' title='bbox 211 2237 274 2270; x_wconf 76' lang='lat' dir='ltr'>Cst‘.</span> <span class='ocrx_word' id='word_1_186' title='bbox 323 2247 407 2278; x_wconf 75' lang='lat' dir='ltr'>quos</span> <span class='ocrx_word' id='word_1_187' title='bbox 437 2236 516 2266; x_wconf 78' lang='lat' dir='ltr'>citat</span> <span class='ocrx_word' id='word_1_188' title='bbox 541 2235 805 2266; x_wconf 79' lang='lat' dir='ltr'>&#39;sennemanu</span> <span class='ocrx_word' id='word_1_189' title='bbox 827 2234 886 2265; x_wconf 86' lang='lat'><em>1.1.</em></span> <span class='ocrx_word' id='word_1_190' title='bbox 919 2235 1013 2264; x_wconf 80' lang='lat' dir='ltr'>Tom.</span> <span class='ocrx_word' id='word_1_191' title='bbox 1036 2234 1084 2263; x_wconf 84' lang='grc' dir='ltr'>ΙΙ.</span> <span class='ocrx_word' id='word_1_192' title='bbox 1113 2244 1145 2272; x_wconf 86' lang='lat' dir='ltr'>p.</span> <span class='ocrx_word' id='word_1_193' title='bbox 1167 2234 1197 2264; x_wconf 84' lang='lat'>6.</span> 
     </span>
    </p>
   </div>
   <div class='ocr_carea' id='block_1_5' title="bbox 19 2287 1196 2384">
    <p class='ocr_par' dir='ltr' id='par_1_9' title="bbox 19 2287 1196 2384">
     <span class='ocr_line' id='line_1_31' title="bbox 19 2287 1196 2328; baseline -0.003 -8"><span class='ocrx_word' id='word_1_194' title='bbox 19 2299 22 2320; x_wconf 62' lang='grc' dir='ltr'>ἔ</span> <span class='ocrx_word' id='word_1_195' title='bbox 88 2293 223 2323; x_wconf 78' lang='lat' dir='ltr'>Memor.</span> <span class='ocrx_word' id='word_1_196' title='bbox 255 2289 333 2320; x_wconf 86' lang='lat' dir='ltr'>Lib.</span> <span class='ocrx_word' id='word_1_197' title='bbox 369 2290 435 2322; x_wconf 78' lang='grc' dir='ltr'><strong>ΙΙΙ.</strong></span> <span class='ocrx_word' id='word_1_198' title='bbox 468 2301 497 2320; x_wconf 82' lang='grc' dir='ltr'>ο.</span> <span class='ocrx_word' id='word_1_199' title='bbox 528 2289 559 2318; x_wconf 83' lang='grc'>5-</span> <span class='ocrx_word' id='word_1_200' title='bbox 604 2288 723 2318; x_wconf 79' lang='lat' dir='ltr'>Plato</span> <span class='ocrx_word' id='word_1_201' title='bbox 754 2289 792 2317; x_wconf 84' lang='lat' dir='ltr'>de</span> <span class='ocrx_word' id='word_1_202' title='bbox 819 2288 1004 2328; x_wconf 81' lang='lat' dir='ltr'>Republica</span> <span class='ocrx_word' id='word_1_203' title='bbox 1035 2287 1114 2318; x_wconf 85' lang='lat' dir='ltr'>Lib.</span> <span class='ocrx_word' id='word_1_204' title='bbox 1134 2287 1196 2319; x_wconf 86' lang='lat' dir='ltr'>VI.</span> 
     </span>
     <span class='ocr_line' id='line_1_32' title="bbox 62 2339 1026 2384; baseline -0.004 -10"><span class='ocrx_word' id='word_1_205' title='bbox 62 2353 66 2357; x_wconf 88' lang='grc'><strong><em>’</em></strong></span> <span class='ocrx_word' id='word_1_206' title='bbox 89 2354 158 2384; x_wconf 71' lang='lat' dir='ltr'>pag.</span> <span class='ocrx_word' id='word_1_207' title='bbox 180 2343 251 2384; x_wconf 85' lang='lat'>492·</span> <span class='ocrx_word' id='word_1_208' title='bbox 273 2353 322 2384; x_wconf 76' lang='lat' dir='ltr'>sq.</span> <span class='ocrx_word' id='word_1_209' title='bbox 459 2342 507 2383; x_wconf 79' lang='lat'>(2)</span> <span class='ocrx_word' id='word_1_210' title='bbox 529 2344 627 2374; x_wconf 83' lang='lat' dir='ltr'>Mem.</span> <span class='ocrx_word' id='word_1_211' title='bbox 649 2340 725 2372; x_wconf 78' lang='lat' dir='ltr'>Lib.</span> <span class='ocrx_word' id='word_1_212' title='bbox 749 2339 811 2372; x_wconf 87' lang='lat' dir='ltr'>lv.</span> <span class='ocrx_word' id='word_1_213' title='bbox 836 2351 864 2370; x_wconf 85' lang='lat' dir='ltr'>c.</span> <span class='ocrx_word' id='word_1_214' title='bbox 887 2340 916 2370; x_wconf 87' lang='lat'>6.</span> <span class='ocrx_word' id='word_1_215' title='bbox 942 2343 972 2381; x_wconf 80' lang='lat'>§.</span> <span class='ocrx_word' id='word_1_216' title='bbox 996 2340 1026 2370; x_wconf 89' lang='grc'>8.</span> 
     </span>
    </p>
   </div>
  </div>
 </body>
</html>
