1487 2625
346 220 936 263 THEOLOGICA.
1147 227 1191 265 ³1

93 353 118 375 „
142 336 258 376 runt;
287 328 431 367 dicebat
455 340 633 377 quoque,
661 341 741 368 eum
757 358 770 376 ‚
806 331 871 378 qui
890 332 987 382 ,haec
1010 340 1192 372 scrutare·-

91 425 116 445 „
141 407 230 444 tur,
269 409 395 446 parum
428 398 555 437 abesse
593 398 637 436 ab
672 399 840 445 insania,
879 400 1189 448 quemadmodum

89 493 114 515 „
139 467 221 516 ipse
241 468 331 506 adeo
356 470 651 517 Anaxagoras
679 469 872 515 insaniret,
917 470 980 518 qui
1020 470 1187 510 omnium

85 565 110 586 „
136 538 290 576 maxime
353 539 568 576 coelestium
621 549 740 576 rerum
794 538 1006 586 cognitione
1052 539 1187 588 gloria-

85 633 111 653 „
135 615 236 645 retur
263 606 378 655 (1).”
421 607 541 646 Affert
566 608 695 645 deinde
720 609 1017 657 Anaxagorae
1042 610 1087 648 de
1107 610 1187 648 sole

81 676 255 725 placitum
283 685 354 714 tam
385 676 583 715 absurdum
598 705 612 723 ,
649 686 689 714 ut
714 678 879 715 omnium
903 677 1028 716 sensui
1051 687 1187 727 repug-

79 752 142 782 net
159 770 173 791 ,
205 753 242 782 et
264 756 344 782 eum
372 745 564 783 insaniisse
587 746 758 783 declaret.
801 746 943 783 Eodem
970 747 1082 785 modo
1109 747 1188 785 So«

78 821 232 852 crates
261 814 455 852 ostendere
486 814 651 861 solebat,
690 815 882 863 reliquos,
921 815 987 862 qui
1013 815 1187 854 coelestia

80 882 233 927 scrutati
262 892 389 931 erant,
422 884 643 931 insaniisse,
680 883 978 932 quandoquidem
1004 885 1188 923 insanien-

1142 964 1188 994 tx·-

121 1084 170 1126 (1)
190 1086 456 1116 Memorabilium
477 1084 540 1115 [V.
560 1095 588 1115 c.
602 1095 633 1125 7.
657 1090 684 1125 §.
697 1086 716 1116 6
730 1090 761 1115 et
774 1097 805 1127 7.
818 1101 855 1109 —
889 1085 917 1116 A
928 1094 1005 1116 nax
1017 1092 1164 1128 agot-ae
1175 1104 1186 1124 5

79 1140 116 1167 ut
146 1137 266 1176 reliqui
293 1138 488 1179 philosophi
518 1138 658 1178 Physici
668 1159 678 1175 ‚
716 1137 770 1168 sed
802 1139 991 1178 explicatius
1022 1140 1055 1170 et
1085 1139 1185 1180 magia

78 1188 249 1226 distincte,
271 1189 305 1218 id
326 1190 436 1229 agebat
449 1211 458 1226 ‚
483 1194 517 1219 ut
537 1188 640 1218 omnia
653 1211 662 1225 ‚
690 1200 770 1229 quae
792 1191 826 1220 in
847 1201 953 1221 rerum
966 1195 1079 1221 natura
1091 1196 1186 1229 sunt,

80 1244 258 1281 explicaret
270 1253 287 1272 e
301 1244 408 1272 causis
417 1243 570 1283 physic-ts
580 1262 589 1278 ,
611 1253 700 1272 secus
713 1247 809 1283 atque
822 1244 1020 1283 antiquiores
1034 1240 1190 1275 historici

79 1306 116 1326 ac
131 1300 254 1336 poeitae
283 1299 314 1324 et
335 1296 487 1336 vulgares
506 1296 623 1325 Graeci
633 1316 642 1331 ,
668 1297 725 1335 qui
742 1296 826 1334 sibi,
850 1297 1004 1336 Mythicd
1028 1298 1163 1327 ratione
1175 1316 1187 1334 ‚

78 1350 224 1380 Deorum
245 1348 415 1379 efficaciam
448 1347 627 1377 immediate
647 1349 680 1377 in
704 1359 755 1378 res
776 1354 916 1379 terrenas
939 1353 1080 1389 agentem
1104 1360 1188 1389 pros

77 1402 248 1441 ponebant.
283 1402 366 1432 Hinc
388 1400 561 1440 impietatis
574 1406 736 1432 accusatus
748 1423 757 1438 ‚
779 1406 811 1431 et
832 1411 849 1431 e
863 1401 991 1432 civitate
1004 1403 1114 1442 pulsus
1128 1407 1187 1434 esta

80 1455 133 1486 Cf.
155 1454 388 1490 Reinhold,
413 1454 437 1484 l.
452 1453 474 1484 Ι.
496 1453 590 1485 Tom.
612 1454 640 1485 1.
673 1465 706 1493 p.
725 1454 778 1485 46.
820 1454 1102 1494 Tennemann,
1125 1456 1190 1489 1.1.

78 1508 172 1539 Tam.
189 1511 218 1541 1.
232 1519 302 1548 pag.
326 1507 479 1549 574-376
500 1511 532 1537 et
551 1511 627 1537 nota
647 1507 686 1536 ad
706 1518 775 1547 pag.
796 1508 855 1549 376
876 1519 951 1549 sqq.
1001 1509 1071 1540 Hoc
1096 1513 1186 1548 erat,

78 1561 166 1603 quod
198 1561 397 1592 Socrates
433 1570 560 1601 quoque
591 1561 624 1590 iu
666 1563 905 1601 Anaxagora
937 1556 1028 1602 aegre
1064 1562 1187 1601 ferret,

78 1614 164 1656 quod
177 1626 288 1654 nempe
311 1615 430 1655 ubique
451 1621 557 1644 causas
577 1612 727 1653 quasdam
747 1614 949 1645 intermedias
962 1616 1047 1645 inter
1062 1615 1163 1646 Deum
1175 1643 1187 1665 .

78 1672 111 1699 et
123 1679 157 1698 ea
170 1690 179 1706 ,
207 1678 286 1709 quae
300 1669 480 1698 efficiuntur
491 1689 501 1704 ,
528 1672 680 1706 poneret:
706 1668 774 1707 ipae
788 1668 871 1698 enim
897 1669 920 1699 S
930 1679 948 1698 o
958 1679 975 1699 c
985 1680 1000 1698 r
1011 1673 1073 1699 ate
1085 1680 1099 1699 s
1118 1669 1185 1698 im·-

80 1722 176 1752 butus
208 1726 276 1752 erat
307 1721 430 1761 vulgari
463 1721 612 1760 opinione
646 1721 685 1750 de
710 1722 889 1751 immediata
914 1722 1058 1752 Deorum
1082 1722 1115 1751 in
1137 1732 1188 1752 ren

79 1775 228 1806 humanas
261 1775 385 1805 actione
403 1796 412 1812 ,
450 1779 486 1804 ut
521 1774 663 1804 cernitur
694 1775 728 1804 in
759 1775 799 1804 iis
814 1796 823 1812 ‚
850 1786 931 1815 quae
954 1775 993 1805 de
1020 1777 1188 1806 daemonio

79 1828 230 1859 vidimus.
274 1827 320 1856 Ex
341 1827 399 1857 hac
420 1827 574 1866 Mythicd
596 1825 618 1856 S
631 1836 649 1855 o
660 1836 676 1857 c
686 1838 701 1857 r
712 1827 770 1857 ati
782 1835 796 1858 s
816 1828 971 1857 sentiendi
991 1829 1116 1858 ratione
1130 1839 1189 1858 or-·

82 1886 149 1912 tum
170 1885 217 1910 cst
239 1882 385 1921 iniquum
409 1882 477 1920 ejus
504 1883 543 1911 de
571 1886 808 1921 Anaxagora
831 1881 997 1921 judicium.
1024 1881 1076 1912 Cf.
1100 1881 1190 1909 Plan·

82 1936 194 1965 tonis
214 1935 349 1965 Phaedo
375 1945 403 1963 c.
419 1933 447 1962 L
459 1953 469 1970 ,
497 1935 552 1964 ubi
579 1938 605 1965 A
615 1945 635 1964 n
645 1946 659 1963 a
671 1945 691 1963 x
703 1946 718 1963 a
728 1946 773 1974 go
783 1945 821 1964 ra
833 1946 863 1964 m
888 1935 1072 1973 vituperat,
1103 1935 1190 1974 qnod

81 1988 210 2019 minime
226 1987 328 2016 Deum
339 2009 348 2024 ,
364 1987 429 2017 sive
444 1993 582 2017 mentem
593 2009 602 2025 ‚
619 1998 739 2017 causam
754 1987 838 2017 dicat
852 1987 1046 2026 singularum
1060 1998 1165 2018 rerum
1178 2006 1187 2023 ‚

82 2041 136 2071 sed
161 2040 321 2071 aetherem
347 2039 445 2070 aliave
466 2042 577 2080 jactet.
603 2063 634 2067 -
669 2039 777 2070 Simili
803 2040 927 2070 ratione
954 2040 985 2070 X
997 2051 1041 2070 en
1053 2051 1071 2070 o
1082 2039 1130 2079 ph
1141 2048 1190 2070 on

84 2094 292 2124 ratiocinatur
304 2114 313 2130 ,
340 2095 438 2123 Mem.
460 2093 487 2124 I.
503 2103 531 2124 c.
548 2103 577 2125 ι.
597 2092 625 2134 §.
641 2102 691 2125 ιι.
734 2103 751 2120 »
768 2089 893 2123 Socra
906 2095 914 2121 t
926 2103 965 2122 es
986 2093 1031 2122 nil
1053 2101 1191 2133 unquam

84 2157 104 2175 1>
119 2147 251 2186 impium
288 2145 384 2176 dixit:
427 2157 503 2176 nam
539 2157 602 2176 non
632 2145 938 2187 philosophabatur
970 2147 1009 2175 cle
1045 2148 1163 2176 mundo
1179 2166 1189 2183 ,

86 2210 104 2229 n
119 2202 175 2241 qui
199 2211 215 2228 a
242 2199 403 2239 Sophistis
428 2199 546 2229 dicitur
562 2221 571 2236 ‚
594 2210 653 2229 nec
678 2198 899 2240 disquirebat,
928 2199 1047 2239 quibus
1067 2210 1084 2229 e
1107 2210 1189 2229 cau-

88 2264 105 2283 u
120 2254 165 2283 sis
187 2253 343 2283 coelestia
366 2252 499 2292 singula
524 2253 709 2282 necessario
730 2248 867 2289 fiant.’'

139 2337 270 2364 GRAT.
640 2323 668 2361 F
