1487 2625
744 286 843 298 ⁸-—

293 366 513 404 Laudabilis
541 369 647 412 lmjus
675 369 981 404 commentationis
1008 377 1167 414 auctor,
1195 369 1237 405 in
1254 365 1343 406 urbe

245 429 455 475 Trajectina
476 441 608 474 natus,
625 441 693 479 per
714 441 877 480 quatuor
897 443 1008 468 annos
1035 439 1162 468 nostra
1186 433 1227 468 in
1250 443 1338 469 aea-

243 491 362 528 denzia
379 493 529 538 studiis,
560 493 611 530 ad
631 494 895 543 Philofhphiam
921 495 1132 532 naturalem
1155 497 1342 543 pertinen-

241 555 359 600 tibus,
397 568 532 605 magna
553 555 711 602 solertia
742 568 886 608 operam
923 557 1103 607 dederat;
1141 555 1344 597 Candidati

242 618 355 655 honor
378 619 418 655 in
438 619 543 656 illum
555 620 640 665 jam
656 622 793 668 fuerat
815 620 969 659 dilatus.
1021 621 1128 660 Inter
1149 622 1238 659 haee
1266 622 1342 671 stu·

243 680 306 717 dia
341 691 464 719 autem
501 686 746 734 maximopere
772 685 832 722 illi
866 685 1015 722 Chemia
1040 681 1258 732 arridebat,
1284 687 1343 723 ita

243 753 285 781 ut
320 745 415 781 hane
453 748 634 796 imprimis
666 759 803 796 magna
840 760 921 785 eum
966 747 1156 786 industria
1189 748 1340 786 coleret.

242 806 437 858 Proposita
459 811 579 859 igitur
593 823 703 859 quum
726 820 814 849 esset
835 813 999 861 quaestio
1021 811 1065 849 de
1090 811 1254 850 Creosoto
1271 839 1283 856 ‚
1302 814 1342 848 in

240 872 309 908 hae
339 873 565 911 elaboranda
597 874 743 920 versari
766 877 896 925 coepit.
949 875 1076 912 Finem
1107 883 1230 912 autem
1260 875 1344 912 huie

239 936 360 972 labori
382 947 463 974 mox
482 939 718 988 impositurus
731 966 745 986 ‚
761 938 877 976 eodem
903 939 1177 988 corripiebatur
1197 937 1342 977 dirissi-

241 1011 296 1036 mo
322 1001 464 1046 morbo,
492 1004 557 1049 qui
579 1011 614 1039 et
632 1003 759 1046 fratri
789 1012 826 1041 et
847 1005 964 1041 sorori
975 1003 1062 1051 jam
1085 1002 1225 1051 fuerat
1247 1002 1341 1040 leta-

240 1063 299 1100 lis.
328 1086 384 1094 —
421 1064 695 1114 Responsionem
709 1094 722 1111 ‚
750 1079 844 1115 quae
876 1065 1090 1105 documenta
1112 1065 1228 1104 studii
1255 1065 1341 1103 bene

235 1129 382 1175 peracti
416 1126 621 1164 ostendebat
638 1156 650 1173 ‚
693 1141 804 1178 quum
844 1130 1018 1178 facultas
1063 1129 1269 1168 Matheseos
1303 1138 1339 1166 et

242 1190 495 1241 Philosophiae
515 1192 703 1229 naturalis
723 1205 835 1230 aureo
855 1195 1020 1243 praemio
1043 1177 1114 1231 esse
1133 1191 1340 1231 ornandam

239 1263 419 1299 censeret,
448 1255 592 1292 morbus
606 1255 690 1299 jam
727 1265 849 1293 tantos
864 1257 1015 1304 fecerat
1029 1265 1270 1306 progressus,
1297 1255 1340 1292 ut'

241 1329 388 1353 annuae
428 1316 604 1354 Orationi
645 1329 818 1368 praesens
858 1318 978 1357 adesse
1028 1331 1099 1355 non
1137 1319 1300 1369 potuerit
1323 1344 1336 1364 ,

237 1383 444 1428 praemium
472 1392 700 1430 accepturus.

291 1443 500 1492 Antequam
513 1457 597 1482 vero
615 1444 892 1491 Commentatio,
905 1447 998 1495 typis
1011 1443 1264 1495 exprimenda,
1280 1444 1326 1480 Bi
1334 1462 1345 1471 ·

239 1507 413 1558 bliopolae
433 1506 672 1554 traderetur,
687 1509 773 1555 jam
787 1509 877 1557 fato
896 1511 1001 1547 cessit
1023 1510 1187 1558 egregius
1220 1506 1342 1556 Juve-

239 1573 321 1616 nis‚
360 1574 425 1621 qui
460 1572 664 1620 vigesimum
692 1574 827 1611 aetatis
859 1585 996 1610 annum
1021 1571 1176 1610 nondum
1208 1572 1341 1620 attige-

239 1644 328 1682 rat‚·
355 1648 379 1671 a
402 1647 471 1684 quo
487 1663 499 1681 ‚
528 1638 560 1672 si
583 1635 636 1672 ad
654 1637 856 1672 intellectus
880 1638 1045 1684 egregias
1066 1635 1163 1672 dotes
1188 1642 1222 1671 et
1240 1645 1344 1682 mag·

239 1710 324 1734 nam
344 1701 385 1734 in
410 1698 541 1735 studiis
567 1698 821 1736 assiduitatem
850 1696 1106 1744 attendamus,
1134 1697 1254 1734 multa
1275 1706 1336 1733 ex-

231 1760 395 1811 spectari
413 1764 612 1812 potuissent
627 1789 640 1809 ,
654 1760 752 1811 quod
771 1763 852 1812 ipsa
869 1762 957 1797 haee
980 1762 1158 1811 responsio
1170 1787 1183 1806 ‚
1199 1771 1308 1809 quam
1325 1786 1339 1804 ‚

240 1827 360 1864 morbo
391 1826 470 1872 jam
501 1826 723 1877 impeditus,
761 1825 967 1863 elaboravit
985 1852 996 1870 ‚
1047 1823 1189 1861 abunde
1222 1822 1337 1861 docet.

239 1892 304 1929 Sui
329 1892 449 1939 igitur
470 1893 681 1928 memoriam
707 1888 951 1935 laudabilem,
981 1887 1170 1926 Sodalibus
1186 1915 1199 1934 .,
1225 1887 1342 1924 Prae·

235 1955 437 2005 ceptoribus
453 1981 467 2000 ‚
507 1956 688 2004 imprimis
720 1954 981 1991 amantissimis
1006 1950 1228 1988 Parentibus
1251 1950 1340 1986 reli-

236 2020 347 2067 quit,
385 2031 471 2067 quos
508 2019 710 2055 consolatus
744 2025 795 2052 est
818 2014 884 2066 spe
906 2016 1067 2052 melioris
1087 2014 1271 2059 Patriae,
1300 2014 1342 2049 in

238 2094 347 2130 quam
386 2083 640 2130 migraturum
675 2092 710 2117 se
735 2078 939 2126 confidere,
978 2079 1090 2115 morti
1121 2079 1337 2127 proximus,

236 2145 491 2182 dilectum-nae
515 2146 658 2190 matri,
688 2155 810 2180 sereno
844 2144 977 2187 vultu,
1011 2143 1092 2186 fnit
1121 2140 1315 2190 professus.
