1487 2625
472 216 854 263 ORATIO.
1168 223 1225 265 29

119 352 282 412 copiam
299 385 310 407 ,
335 354 554 413 primariae
578 362 744 399 nostrae
771 355 1007 419 academiae
1033 370 1118 399 non
1142 357 1220 401 de—

119 431 269 483 fuisse,
300 430 477 475 defuisse
505 439 640 475 autem
671 447 716 475 ea
747 432 1042 484 incommoda,
1074 434 1223 490 quibus

118 504 281 566 egregia
313 523 405 560 res,
445 508 488 550 ni
515 523 562 552 ex
590 508 684 552 mali
707 509 985 567 magnitudine
1015 511 1222 556 medicina

117 591 339 638 nascatur,
369 585 478 628 haud
506 586 593 629 scio
616 600 668 629 an
695 585 736 628 in
769 593 1052 645 contemptum
1086 602 1225 644 quan-

119 662 257 719 doque
291 662 438 706 veniat.
498 663 701 721 Proprius
739 662 896 706 interea
934 664 1008 707 fuit
1045 665 1223 720 Leidae‚

120 746 162 783 et
173 739 390 797 singularis
405 771 415 791 ,
433 740 570 795 quoad
587 738 672 782 seio
687 771 698 792 ,
716 754 836 795 quem
854 741 1066 793 nominare
1083 742 1223 801 coepi,

119 800 214 860 mos
257 815 498 880 experiundi
534 809 822 874 professores,
869 832 1017 875 parum
1057 818 1223 875 quidem

121 893 330 951 dignitatis
359 893 542 948 habens3
580 893 653 937 sed
677 893 718 935 in
746 893 1020 938 nobilioribus
1050 895 1226 952 quibus·-

121 985 202 1027 que
226 970 462 1014 homiuibus
480 1002 491 1023 ,
519 984 694 1027 quorum
721 970 849 1014 virtus
874 986 918 1015 se
945 979 1094 1030 sponte
1119 988 1226 1032 ape-

120 1048 293 1099 ruisset,
321 1062 412 1090 eum
439 1061 524 1091 non
550 1055 817 1105 usurparunt.
872 1047 983 1105 Quin
1008 1049 1226 1107 professo-

120 1124 206 1168 riae
235 1123 641 1182 dignitatis‘tuendae
664 1125 906 1182 plerumque
935 1124 1077 1169 Batavi
1102 1140 1225 1171 cura—

120 1210 233 1246 tores
256 1201 578 1245 studiosissimos
605 1216 649 1245 se
673 1216 760 1245 esse
788 1201 1036 1258 docuerunt3
1061 1218 1138 1247 nec
1159 1205 1227 1248 sa-

123 1280 198 1324 cile
222 1293 373 1323 vacuae
398 1272 622 1322 cathedrae
649 1279 861 1337 provisum
896 1287 980 1332 est,
1011 1280 1090 1325 nisi
1119 1295 1226 1325 con-

103 1358 229 1419 ¹sulto
272 1357 410 1412 aliquo
454 1355 633 1399 eiusdem
687 1356 929 1415 disciplinae
968 1359 1223 1416 professore.

121 1436 258 1492 Quam
273 1434 541 1477 observantes
555 1465 565 1484 ‚
588 1441 627 1476 et
641 1434 763 1492 plane
779 1434 1079 1488 venerabundi,
1107 1444 1225 1479 erant

122 1527 219 1570 erga
243 1510 638 1556 Boerhavium!
687 1526 809 1567 quam
843 1511 1033 1555 liberales
1068 1512 1225 1571 pariter

122 1596 162 1633 et
187 1588 541 1632 observantissimi
568 1587 704 1630 adhuc
730 1595 873 1630 nostra
897 1589 1097 1632 memoria
1127 1605 1224 1648 erga

121 1664 646 1725 Wyttenbachium!
722 1664 812 1707 Hoc
852 1664 976 1722 igitur
1011 1674 1071 1710 est
1111 1668 1225 1723 quod

122 1741 360 1785 conditores
405 1742 448 1785 iu
494 1739 630 1785 animo
674 1742 868 1786 habuisse
918 1749 1057 1801 putem
1072 1776 1089 1796 ‚.
1129 1758 1222 1788 eum

122 1818 377 1862 academiam
414 1833 529 1862 suam
575 1819 839 1877 publicam
876 1819 1074 1865 dicerent.
1133 1822 1225 1869 Hoc

122 1903 233 1940 certe
262 1895 551 1953 comprobavit
582 1903 760 1940 eventus.
831 1897 1000 1942 Publica
1031 1906 1118 1942 erat
1144 1914 1226 1944 na-

122 1973 304 2017 tionibus
349 1972 589 2016 discentium
605 2005 615 2023 ,
661 1973 749 2029 jure
791 1974 1020 2019 Doctorum
1037 2008 1047 2027 ,
1088 1977 1223 2035 patria

123 2050 406 2109 professorum
423 2082 433 2100 ‚
465 2049 701 2093 docentium·
725 2051 845 2109 copia
873 2059 912 2095 et
936 2055 1222 2112 perpetuitate.
1272 2037 1275 2044 .

124 2127 198 2170 His
222 2127 414 2170 omnibus
441 2127 565 2171 rebus
591 2135 679 2170 erat
706 2127 938 2172 Studium
955 2130 1223 2175 Generale.

123 2205 345 2248 Videamus
378 2220 429 2247 an
469 2219 657 2262 quoque,
703 2205 816 2262 quod
848 2214 1063 2264 superest,
1096 2208 1224 2251 disci-

123 2281 325 2340 plinarum
354 2281 664 2338 studiorumque
700 2281 868 2327 ambitu.
