1487 2625
0 1508 3 1534 Ι

377 219 969 267 THEOLOGLCA.
1176 220 1225 271 63

119 334 226 373 etiam
245 333 409 383 ejusdem
433 330 601 369 beneficii
628 330 824 378 participes
844 329 990 366 reddere
1011 327 1106 365 velle
1123 326 1223 365 Deos

115 403 291 443 censebat
309 430 321 448 ‚
351 402 415 450 qui
444 402 565 439 eadem
590 400 727 448 pietate
751 399 853 447 ipsos
878 399 1044 435 colerent
1072 396 1155 445 (1).

169 472 271 509 Haec
298 471 411 520 igitur
435 479 491 508 est
517 468 740 508 Socratis
769 467 948 505 sententia
973 467 1017 504 de
1043 467 1110 513 iis,
1136 477 1230 514 quae

116 543 222 581 Deus
245 540 336 588 agit.
377 540 483 590 Quae
507 538 841 587 praestat'multum
864 549 989 575 eorum
1003 565 1017 584 ‚
1056 536 1121 585 qui
1143 544 1227 573 ante

113 611 243 659 *ipsum
266 609 437 656 fuerant,
466 609 776 657 philosophorum
804 608 848 646 de
874 608 940 645 hac
969 619 1008 645 re
1019 605 1228 646 sententiis.

114 680 216 719 *Nam
239 680 276 718 hi
302 679 426 718 Deum·
446 677 519 716 sibi
547 688 792 727 proponunt,
817 680 930 716 multa
949 678 1096 725 quidem
1110 676 1232 715 deter-

114 751 340 797 minantem,
372 750 438 788 sed
459 749 583 797 ipsum
603 748 912 794 determinatum,
940 757 1024 785 tum*
1039 757 1104 796 per
1124 755 1233 784 natu·

115 831 192 857 ram
216 819 444 857 substantiae
457 847 470 866 ,
490 819 552 856 cui
571 818 693 857 divina
716 819 773 856 vis
794 819 913 864 inest,
936 827 1015 855 tum
1038 829 1103 866 per
1121 825 1229 854 natu-

116 901 193 928 ram
214 889 382 928 materiae
400 917 413 936 ‚
448 900 542 937 quae
576 889 659 927 Deo
686 888 869 936 opposita·
889 895 945 926 est
967 887 1051 937 (2).
1104 885 1229 934 Ipsius

118 963 556 1011 Anaxagorae'uovq,
597 960 634 997 id
661 968 745 1007 est,
786 962 840 998 vis
867 961 989 997 omnia
1017 970 1230 1005 secernens,

117 1032 168 1070 ita
193 1032 350 1070 secernit
377 1031 586 1076 materiam,
614 1038 654 1067 ut
675 1030 903 1077 homogenea
924 1040 963 1067 se
982 1030 1234 1078 conjungant,

116 1101 362 1149 heterogenea
390 1113 430 1138 se
455 1100 610 1138 invicem
639 1102 842 1150 repellant,
868 1109 904 1139 et
928 1103 981 1140 sic
1003 1100 1152 1139 materia
1171 1111 1234 1137 se-

116 1178 288 1208 cernatur
309 1178 481 1215 eatenus‚
511 1179 693 1216 quatenus
712 1171 790 1208 fieri
807 1170 954 1219 possit,
977 1181 1059 1208 nam
1079 1168 1234 1207 omnino

119 1236 260 1276 secerni
275 1247 342 1286 per
353 1247 516 1277 naturam
533 1240 881 1277 homoeomeriarum
895 1240 1040 1288 nefiuit.
1067 1239 1128 1278 Ex
1157 1238 1181 1276 S
1194 1248 1236 1274 o-

119 1307 269 1346 cratis
294 1319 383 1345 vero
398 1308 600 1354 sententia,
628 1310 730 1346 Deus
752 1310 825 1357 agit
847 1310 1048 1348 secundum
1071 1309 1233 1357 prudens

116 1387 224 1414 suum
247 1377 471 1423 consilium,
500 1387 535 1415 et
556 1378 757 1416 secundum
773 1380 897 1427 leges,
918 1390 1013 1426 'quas
1028 1379 1112 1427 ipse
1129 1379 1230 1416 tulit.

116 1446 272 1493 Verbo,
307 1447 528 1497 philosophis
553 1447 714 1496 Physicis
742 1448 845 1487 Deus
880 1440 942 1486 'est
976 1451 1033 1488 vis
1057 1449 1233 1496 quaedam

111 1517 287 1577 physica,
318 1518 519 1555 secundum
542 1519 717 1567 physic-as
742 1520 841 1566 leges
863 1516 904 1556 'in
930 1520 1068 1557 mundo
1093 1530 1231 1568 agens,

118 1588 316 1625 Socrati
343 1594 403 1624 em
430 1589 644 1635 rationale,
672 1590 875 1626 secundum
902 1589 1056 1627 rationis
1082 1589 1174 1627 fines
1198 1598 1235 1628 et

115 1663 346 1693 constantem
374 1656 602 1694 voluntatem
634 1656 671 1694 in
701 1657 814 1695 rebus
842 1657 1016 1695 humanis
1041 1659 1234 1696 moderan-

115 1724 174 1762 dis
196 1721 367 1764 Versans.
394 1748 446 1756 -—-
508 1726 631 1764 Patuit
664 1725 771 1763 etiam
802 1727 940 1774 nobis,
975 1727 1234 1765 Socratem

1190 1809 1235 1835 CX

122 1884 125 1886 >
159 1862 206 1903 (1)
220 1863 282 1893 ‘lta
319 1863 514 1893 existimasse
557 1863 580 1894 S
594 1858 639 1894 oc
649 1875 690 1894 ra
700 1868 777 1894 tem
790 1885 798 1901 ‚
830 1866 904 1904 jure
933 1865 1064 1895 omnino
1096 1866 1234 1901 efficitur

117 1925 156 1945 ex
181 1916 289 1946 verbis
325 1918 392 1956 ejus
431 1916 526 1946 modo
561 1918 665 1947 allatis
680 1939 689 1954 ,
725 1918 753 1948 si
781 1917 859 1948 haec
891 1919 1056 1948 referenda
1091 1924 1165 1949 sunt
1190 1920 1230 1950 ad

118 1968 145 1998 E
156 1980 175 1998 u
186 1968 224 1997 th
235 1980 255 2009 y
264 1969 284 1998 d
293 1979 309 1998 e
322 1969 370 1998 mi
398 1968 516 1999 dictum
532 1972 676 2008 proxime
691 1971 878 2001 antecedens
894 1977 920 2011 ς.
936 1982 949 2005 ι
958 1982 974 2002 2
985 1986 993 2010 ;
1019 1972 1073 2001 sed
1083 1973 1230 2004 nonnulli

115 2023 322 2060 interpretes,
337 2023 496 2062 imprimis
511 2022 541 2053 V
551 2034 567 2051 a
578 2024 588 2051 l
599 2035 616 2053 c
625 2021 647 2052 k
657 2035 672 2053 e
684 2035 704 2053 n
715 2036 729 2053 a
740 2036 755 2054 e
764 2036 780 2054 r
795 2030 826 2054 et
841 2026 863 2055 S
874 2036 890 2055 c
900 2025 920 2054 h
929 2036 950 2055 n
960 2025 1024 2055 eid
1036 2037 1051 2055 e
1062 2037 1077 2055 r
1090 2048 1098 2062 ‚
1117 2027 1233 2057 existi-

116 2080 204 2105 mant
218 2098 228 2113 ,
257 2076 362 2106 locum
382 2087 445 2105 non
470 2087 536 2107 esse
551 2079 708 2117 integrum
722 2100 731 2116 ,
756 2082 787 2107 et
803 2079 836 2107 in
845 2078 938 2108 initio
963 2084 989 2117 ς.
1000 2080 1064 2109 13²e
1076 2081 1232 2110 excidisse

115 2129 268 2159 nonnulla
280 2151 289 2166 ‚
329 2130 368 2158 ad
409 2141 489 2170 quae
527 2131 708 2169 pertineant
750 2131 773 2162 S
784 2142 802 2162 ο
811 2143 827 2163 c
837 2143 853 2162 r
864 2143 880 2162 a
889 2134 945 2163 tis
984 2134 1085 2164 verba
1123 2135 1230 2171 anataq

119 2181 170 2228 Cf.
192 2183 233 2213 cl.
258 2182 496 2214 Schneider
523 2185 561 2213 ad
583 2184 615 2215 h.
637 2185 660 2216 Ι.

158 2239 211 2275 (2)
236 2237 288 2268 Cf.
314 2236 427 2267 'l‘enn
440 2248 494 2267 em
506 2248 520 2266 a
531 2248 580 2267 nn
607 2238 629 2268 l.
651 2238 675 2268 Ι.
703 2239 797 2269 Tom.
820 2240 848 2270 1.
879 2239 976 2270 Edid.
1002 2241 1079 2272 Am.
1109 2242 1231 2274 lVencls‘

122 2287 215 2327 Lips.
231 2289 321 2330 1829.
344 2300 378 2329 p.
402 2289 470 2322 125.
493 2291 567 2320 item
583 2302 614 2330 p.
629 2292 687 2332 396
705 2292 735 2322 iu
758 2296 846 2330 nota,
870 2303 904 2332 p.
925 2293 1000 2325 408.
1021 2305 1070 2334 sq.
