1487 2625
543 166 893 204 MEDICA.
1227 176 1274 214 '⁷5

1228 196 1237 214 d

159 286 280 324 croy
310 275 508 322 acerbum,
538 273 575 311 T
587 274 772 312 henard
807 286 927 313 acrem
955 283 991 312 et
1019 285 1271 323 nauseowm,

159 345 383 393 tandemque
415 345 519 383 illum
558 356 639 382 esse
666 356 781 382 acrem
818 355 855 383 et
879 346 1134 383 corrodentem
1162 345 1273 383 tradit

103 410 106 457 ᾗ
161 414 344 454 Orfila.
397 415 497 454 Mihi
529 414 644 462 magis
669 426 754 452 cum
783 426 914 462 sapore
948 415 1117 452 Sacchari
1147 414 1272 453 Satur-

153 484 224 533 ni,
252 485 421 534 quamvis
455 485 659 532 debiliore,
693 485 894 523 convenire
930 485 1032 522 visus
1059 483 1132 522 fuit
1162 486 1179 527 ξ
1187 485 1245 532 1).

124 556 489 606 ···>’“Νε(1ιιε·πηιςῐε
524 555 764 594 consentiunt
802 554 873 592 viri
910 556 1042 603 docti,
1081 556 1118 593 in
1154 556 1272 593 deter-

160 627 331 667 minanda
355 628 468 676 oxydi
488 626 661 665 Arsenici
691 625 922 664 solubilitate
948 626 985 663 in
1017 638 1113 673 aqua
1146 626 1274 664 destil-

102 695 103 698 ’
159 699 259 746 lata,
301 709 412 745 quam
447 706 570 735 tamen
604 706 795 735 accurrate
833 697 992 734 indicare
1029 696 1111 734 ideo
1150 697 1272 744 magni

102 787 105 790 >
160 780 242 808 esse
268 769 416 807 videtur
443 767 646 814 momenti,
673 778 758 804 cum
784 767 946 805 medicus
973 765 1134 805 forensis
1160 766 1274 804 inter·

146 839 247 876 -dum
277 837 439 876 definire
460 838 628 884 debeat,
666 846 789 874 utrum
827 835 1029 875 solutionis
1059 836 1274 884 propinatae

115 954 120 957 ι
159 908 345 957 quantitas
378 907 468 946 satis
508 918 672 955 magnam
702 907 816 955 oxydi
851 915 989 954 partem
1024 906 1169 944 solvere
1204 917 1274 954 po-

50 988 51 991 ’
100 995 104 1011 ι
160 979 300 1026 tuerit,
339 979 384 1016 ad
409 978 646 1031 producenda
686 985 938 1026 symptomata
967 977 1176 1025 periculosa
1215 962 1290 1025 ip}

115 1049 119 1051 ’
160 1059 314 1102 samque
341 1057 496 1086 mortem
525 1076 538 1095 ,
566 1048 627 1086 vel
652 1058 778 1085 secus.

115 1145 124 1148 -
167 1118 547 1166 NSequensffiitaque
587 1118 712 1156 tabula
751 1117 901 1155 exhibet
937 1117 1131 1163 diversas,
1182 1128 1272 1163 quas

158 1196 329 1226 auctores
357 1188 579 1226 invenerunt
613 1197 692 1227 tum
733 1187 906 1227 Arsenici
940 1195 1019 1225 tum
1052 1199 1168 1235 aquae
1190 1199 1273 1236 par-

160 1266 250 1306 tes,
283 1260 329 1298 ad
362 1259 588 1296 solutionem
625 1258 911 1306 perficiendam,
951 1257 1191 1296 necessarias.
1219 1279 1270 1288 —
1325 1282 1327 1284 -

159 1327 307 1368 Verum·
348 1336 391 1366 ut
429 1328 562 1367 melius
601 1328 696 1366 inter
732 1340 773 1367 se
809 1328 1015 1377 comparari
1050 1338 1180 1377 posset
1219 1325 1285 1367 di-'

159 1409 291 1437 versus
327 1406 512 1446 eventu3‚
557 1399 738 1437 calculum
772 1397 949 1447 confeci,
988 1410 1065 1447 quo
1100 1411 1194 1447 aqua
1225 1400 1271 1438 ad

164 1479 237 1506 100
274 1477 395 1517 partes
443 1469 657 1516 reducitur,
709 1481 804 1518 quae
848 1469 956 1519 copia
1006 1470 1180 1518 proxime
1217 1481 1274 1508 se-

129 1546 336 1587 ·quentem
384 1538 556 1583 Arsenici
604 1541 873 1588 quantitatem,
920 1540 1096 1592 adjuncto
1137 1541 1269 1581 caloris

161 1610 274 1659 gradu
292 1635 307 1657 ‚
334 1610 508 1648 solveret.

205 1787 254 1829 (1)
278 1787 363 1819 Vide
385 1797 478 1828 supra
495 1808 504 1825 ,
527 1798 560 1827 p.
584 1797 632 1818 ιο.
653 1790 729 1817 uota
752 1797 781 1818 ι.

1171 2240 1255 2277 Aue
