1487 2625
448 141 834 186 ORATIO.
1150 142 1204 185 27

97 277 379 335 Legemes,
399 275 1080 335 privatimquedocentesin
1095 275 1207 319 Ger·²

99 352 497 410 mania‚inFrancia
512 352 752 411 gregales
767 352 970 396 Doctor
983 367 1031 396 es
1049 366 1209 396 vocan-

101 437 183 486 tur.
212 429 344 487 Hujus
374 430 540 486 quidem
569 429 630 473 rei
656 429 809 473 utilitas
834 430 933 473 satis
953 438 1094 489 patet,
1116 444 1207 474 cum

102 512 143 559 et
167 505 402 549 academiae
438 505 521 549 hoc
550 512 678 564 pacto
706 505 788 549 sint
816 506 933 563 quasi
960 499 1178 550 semiuaria
1195 537 1216 563 „

102 582 211 635 unde
245 582 346 626 boni
381 582 600 636 doctores,
633 583 813 626 docendi
836 599 912 627 usu
941 591 980 627 et
1006 584 1212 628 exercita-

100 659 216 704 tione
252 659 490 713 informati,
531 667 823 713 succrescant,
868 667 992 716 atque
1017 661 1211 705 felicioris

101 736 255 795 ingenii
277 737 466 790 iuvenes,
494 736 565 793 qui
592 736 845 795 pulcriorem
872 737 924 780 de
944 753 988 781 se
1005 752 1122 796 spem
1145 738 1212 781 fa-

104 827 198 858 cere
238 814 473 872 coeperint,
511 813 729 858 laudandis
766 814 925 857 artibus
967 821 1182 858 serventur
1199 846 1211 866 ,

103 905 182 947 nec
224 890 278 934 ad
320 891 456 934 forum
498 891 561 934 vel
601 890 655 934 ad
695 891 861 949 negotia
901 891 1080 943 abeant,
1118 898 1212 943 aut,

105 967 221 1026 quod
253 967 390 1011 minus
421 967 605 1025 optabile
633 975 719 1020 est,
751 968 805 1012 ad
837 969 990 1012 cultum
1021 969 1214 1026 dilaban-

103 1054 173 1088 tur
205 1043 321 1088 Deae
358 1043 565 1101 lgnaviae.
618 1043 746 1103 >Solet
787 1045 908 1089 etiam
946 1045 1214 1090 incitamento

106 1135 205 1171 esser
236 1119 550 1179 professoribus
598 1104 669 1177 qui
700 1121 743 1164 in
780 1135 953 1165 numero
986 1129 1094 1166 sunt.
1160 1123 1216 1166 At

105 1201 152 1251 ut
173 1196 314 1241 omnia
336 1196 449 1240 bona
463 1228 474 1248 ,
496 1196 675 1240 maxime
699 1210 797 1240 vero
810 1196 993 1241 liberalia
1006 1197 1214 1250 instituta,

105 1274 166 1316 ita
190 1272 274 1330 hoc
291 1305 303 1327 ‚
329 1287 402 1316 seu
436 1272 649 1315 hominum
672 1273 970 1331 perversitate,
987 1266 1070 1318 'seu
1092 1282 1216 1318 natu-

107 1350 184 1394 rali
212 1350 392 1407 quadam
417 1363 556 1392 rerum
578 1349 620 1392 in
653 1356 835 1393 extrema
870 1365 1058 1407 quaeque
1095 1351 1220 1395 incli-

107 1428 303 1481 natione,
327 1441 414 1470 non
439 1433 554 1470 caret
588 1423 740 1470 effectu
775 1427 990 1471 damnoso.
1052 1428 1218 1472 Accidit

108 1505 218 1550 enim
235 1503 420 1562 quotidie
433 1511 477 1547 ut
493 1503 549 1547 illi
574 1503 834 1561 Legentes
849 1504 1132 1559 Doctores,
1156 1505 1220 1549 via

110 1582 165 1625 ad
194 1581 376 1626 Palladis
403 1595 541 1625 arcem
568 1580 689 1624 nimis
718 1596 868 1639 aspera
903 1581 1067 1626 inventa
1086 1615 1097 1635 ,
1133 1598 1217 1640 quo

109 1659 372 1718 professores
402 1658 513 1702 lento
536 1658 667 1716 gradu
691 1658 793 1702 enisi
821 1666 942 1711 sunt,
974 1661 1115 1704 volare
1142 1675 1219 1704 cu-

109 1735 295 1795 pientes,
326 1736 485 1794 populo
521 1750 565 1779 se
604 1735 843 1788 venditare,
878 1737 1005 1781 rebus
1034 1737 1152 1784 novis
1181 1746 1220 1783 et

110 1812 308 1857 inauditis
327 1813 526 1869 vanisque
547 1812 759 1869 vocabulis
771 1844 782 1865 ‚
807 1813 1106 1859 detrectatione
1122 1816 1218 1859 doc-

110 1898 250 1936 torum
294 1890 534 1944 hominum,
576 1897 674 1943 aut,
716 1891 831 1947 quod
864 1891 1091 1950 pessimum
1128 1900 1219 1944 est,

111 1968 320 2023 turbanda
342 1967 556 2026 republica
571 1998 584 2021 ‚
608 1966 815 2011 studiosae
843 1968 1062 2024 juventutis
1076 1984 1219 2013 auram

59 2102 62 2105 Ι
113 2053 284 2105 captare
296 2077 307 2098 ,
324 2045 468 2097 verbo,
487 2043 754 2088 circulatores
776 2045 907 2102 magis
925 2060 1049 2102 quam
1067 2045 1221 2090 docto..

113 2136 181 2180 res
208 2136 329 2181 agere
351 2121 580 2165 instituant.
633 2119 729 2185 Quo
761 2121 918 2170 evenit,
948 2112 1223 2181 ufsibi'qui-
1276 2158 1280 2163 .

104 2195 208 2245 ‘dem
232 2198 422 2253 acroasin
440 2230 450 2250 ‚
484 2197 662 2255 legitima
681 2211 790 2252 vero
819 2197 1024 2247 auditoria
1057 2199 1220 2244 desert-a
