1487 2625
164 180 273 215 '24
445 166 1103 208 COMMENTATIO

232 283 294 313 tur
319 276 390 313 hoc
419 275 638 312 destinatum
666 287 747 313 cum
774 277 969 314 carbonate
998 286 1168 324 potassae
1185 306 1196 326 ,
1229 290 1334 325 sepa-

237 355 338 383 retur
373 346 492 383 oleum
530 354 565 383 et
601 345 684 383 dein
723 347 928 384 destilletur
974 350 1012 384 in
1052 349 1165 385 vitrea
1201 357 1336 385 retorta

237 416 367 453 balneo
389 425 515 453 arenae
538 415 735 463 imposita,
759 428 876 463 usque
900 418 984 454 dum
1013 419 1197 455 residuum
1221 418 1256 454 in
1284 428 1340 453 re·

239 493 334 522 torta
361 483 575 522 densitatem
609 486 760 523 extracti
790 486 982 534 acceperit.
1037 486 1240 524 Misceatur
1265 487 1342 523 ole-

239 564 300 591 um
339 554 518 591 transiens
552 565 635 592 cum
669 566 757 602 1‚15
789 555 917 594 lixivio
956 565 1130 604 potassae
1161 555 1344 594 causticae

239 620 309 671 25⁰
333 624 540 662 Areometri
568 623 781 663 Baumeani.
835 625 1087 673 Super-natans
1115 625 1254 673 eupion
1286 635 1344 678 se-

238 701 389 741 paretur
423 694 676 742 pei-colando,
712 702 747 731 et
784 694 929 742 quidem
964 706 1028 742 per
1054 695 1219 741 filtrum,
1250 697 1345 741 aqua

241 761 499 802 madefactum.
528 763 674 801 Solutio
698 764 945 810 Creosotica,
974 776 1038 812 per
1067 764 1209 811 aliquot
1235 764 1348 801 horae

242 831 382 870 minuta
425 832 462 869 in
502 844 587 870 vase
617 842 744 880 aperto
780 832 900 871 ferreo
937 835 1113 881 decocta,
1164 834 1249 872 dein
1285 846 1348 883 per

243 912 357 939 unum
381 901 474 940 diem
499 903 537 939 in
565 913 652 939 vase
674 901 792 939 vitreo
816 902 908 940 aet-is
922 904 1110 941 contactui
1126 912 1347 951 exponatur.

243 970 392 1008 Solutio
418 971 547 1009 deinde
581 972 869 1019 decomponatur
907 984 977 1020 ope
1014 973 1106 1010 acidi
1144 971 1351 1021 sulphurici

245 1039 381 1087 diluti,
407 1051 526 1088 usque
550 1041 636 1078 dum
665 1041 785 1078 omnis
811 1052 962 1089 potassa
989 1052 1146 1080 saturata
1173 1043 1236 1080 sit.
1278 1042 1351 1080 Ca-

245 1108 343 1147 lefiat
369 1109 514 1147 miscela
530 1137 542 1156 ‚
574 1118 762 1158 separetur
783 1111 1073 1149 Creosotum
1097 1112 1133 1149 in
1156 1110 1352 1160 superficie

247 1187 367 1215 ortum
409 1187 495 1227 post
530 1179 686 1226 aliquam
728 1180 902 1228 quictem.
971 1180 1176 1219 Residuum
1213 1183 1354 1218 lavetur
1405 1206 1412 1211 ι

247 1247 378 1286 iterum
407 1259 491 1287 cum
518 1260 627 1296 parva
653 1250 857 1296 quantitate
881 1250 999 1287 lixivii
1024 1260 1194 1298 potassae
1219 1252 1355 1288 causti-

248 1328 334 1363 cae,
364 1326 399 1355 et
426 1317 509 1355 dein
537 1318 828 1365 decomponatur
854 1330 926 1366 ope
951 1319 1041 1357 acidi
1066 1319 1289 1367 sulphurici.

302 1376 537 1435 Colligant'ur
577 1386 745 1433 liquida,
788 1399 882 1434 quae
915 1389 1198 1426 Creosotum
1237 1389 1356 1426 conti-

250 1465 362 1502 nent,
402 1465 438 1493 et
477 1455 709 1493 destinentur
753 1456 790 1492 in
834 1458 948 1494 vitrea
987 1466 1136 1495 retorta.
1194 1460 1357 1495 Durante

253 1527 320 1563 hac
346 1525 593 1564 destillatione
617 1526 797 1563 transiens
821 1527 1002 1573 liquidum
1026 1538 1206 1574 aquosum
1228 1538 1357 1565 rursus

253 1594 291 1631 in
318 1603 490 1632 retortam
517 1594 714 1644 injiciatur.
768 1596 868 1633 Haec
903 1598 1068 1643 operatio
1102 1597 1358 1644 progrediatur

254 1675 374 1710 usque
413 1665 498 1701 dum
534 1676 572 1700 ea
609 1665 839 1702 Creosoti
869 1665 1052 1711 quantitas
1080 1665 1128 1702 sit
1149 1665 1355 1712 acquisita,

255 1744 348 1780 quae
375 1742 522 1781 tempus
549 1742 659 1780 atque
687 1733 847 1770 laborem
876 1743 1106 1781 compenset.
1161 1735 1359 1772 Creoso-

255 1811 349 1845 turn
369 1830 381 1848 ‚
418 1803 481 1839 tali
517 1792 628 1840 modo
664 1802 913 1849 acquisitum,
950 1803 1038 1840 satis
1068 1803 1130 1840 diu
1154 1804 1247 1841 aeris
1270 1814 1358 1840 con·

257 1873 369 1910 tactui
404 1883 640 1920 exponatur,
681 1882 721 1908 ut
753 1872 956 1909 brunneum
988 1872 1142 1920 accipiat
1166 1874 1356 1920 colorem3

258 1942 390 1985 deinde
425 1943 619 1980 misceatur
661 1954 742 1979 cuin
784 1955 808 1989 4
833 1942 1001 1990 partibus
1027 1942 1228 1980 chlorureti
1255 1942 1358 1979 calcii

259 2013 382 2061 (quod
406 2012 557 2050 omnino
582 2023 714 2059 purum
732 2040 745 2058 ‚
772 2013 907 2049 siccum
933 2022 967 2049 et
991 2011 1026 2048 in
1040 2012 1222 2059 pulverem
1238 2011 1360 2048 redac-

260 2093 335 2121 tum
364 2083 460 2129 sit),
493 2083 535 2120 ad
569 2089 723 2129 pastam.
779 2081 857 2118 Hac
884 2090 987 2129 pasta
1015 2081 1207 2127 impleatur
1234 2089 1360 2117 venter

260 2161 442 2197 retortae,
471 2160 505 2187 et
529 2151 738 2198 aliquandiu
764 2160 865 2198 pasta
895 2150 965 2187 sibi
994 2150 1243 2196 relinquatur,
1282 2161 1357 2196 quo

259 2217 387 2269 factm*
420 2221 566 2258 miscela
603 2220 835 2266 destinetur,
867 2219 1032 2258 adhibito
1060 2219 1189 2256 balneo
1216 2229 1357 2256 arenae.

1274 2289 1355 2326 Hoc
