1487 2625
237 221 286 248 ω
467 184 1117 243 εοΜΜΕΝΤἈΤΙο

236 323 320 360 ret,
347 314 504 350 multum
529 311 689 350 contulit
715 312 828 349 sortis
853 312 930 359 ejus
958 310 1064 347 ratio.
1118 309 1238 347 Natus
1261 317 1336 346 erat

235 382 450 433 parentibus
488 381 735 429 pauperibus,
773 380 818 417 de
852 379 959 426 plebe
983 378 1225 426 hominibus3
1267 377 1338 414 ob·

234 463 340 491 scure
375 452 551 488 educatus
592 460 676 497 est,
722 460 757 487 et
790 450 876 487 satis
912 449 975 485 diu
1005 447 1118 495 patris
1146 447 1332 494 opificium

235 519 417 560 exercuit.
465 519 564 558 Hinc
590 519 728 558 factum
755 528 836 567 est,
867 528 909 556 ut
934 528 1009 555 non
1031 515 1338 554 contaminaretur

230 589 438 628 animorum
466 590 675 638 corruptela
692 617 705 636 ,
746 597 822 626 tum
851 587 948 636 apud
979 584 1154 623 cultiores
1182 583 1337 622 invales-

228 667 361 696 cente:
401 666 530 696 contra
562 669 671 705 cum,
712 667 754 696 ut
780 658 889 696 modo
916 656 1160 701 videbamus,
1200 655 1338 702 vulgus

230 728 439 766 adhaereret
468 727 672 776 patriorum
701 728 868 766 Deorum
905 725 1051 772 cultui,
1086 726 1158 774 Jam
1195 732 1337 768 mature

229 798 276 836 ad
324 796 540 845 religionem
590 805 626 833 et
674 796 845 846 pietatem
893 793 1112 832 informatus
1151 801 1206 831 est
1232 819 1246 838 ,
1299 798 1336 829 et

227 877 362 905 sensus
401 866 482 915 ejus
520 865 667 903 moralis
708 875 743 903 et
767 865 964 915 religiosus
989 863 1132 913 egregie
1155 874 1195 902 se
1218 861 1335 911 expli-

228 935 323 974 cuit.
377 935 475 974 Cum
513 943 680 983 parentes
721 936 801 984 ejtis
842 933 1080 983 pauperiores
1105 942 1255 979 essent,
1297 940 1333 970 et

226 1003 310 1052 ipse
334 1015 506 1043 manuum
530 1005 677 1052 labore,
705 1005 825 1054 primo
852 1005 979 1043 aetatis
1003 1013 1194 1053 tempore,
1219 1003 1330 1041 vitam

227 1082 434 1112 sustentare
470 1074 644 1122 deberet,
697 1086 773 1112 non
816 1075 940 1122 potuit
981 1075 1118 1111 multos
1156 1073 1329 1112 doctores

225 1144 381 1191 audire,
419 1155 495 1191 quo
529 1144 665 1182 factum
691 1153 772 1190 est,
813 1154 853 1181 ut
883 1144 1067 1191 ingenium
1096 1145 1174 1192 eJ'us
1197 1154 1264 1180 sua
1290 1153 1330 1179 se

225 1212 369 1250 ratione
408 1214 617 1258 excoleret,
654 1225 754 1250 suam
796 1213 890 1250 viam
935 1223 1129 1258 secutum,
1168 1222 1245 1249 non
1282 1212 1327 1248 ab

224 1281 305 1320 aliis
347 1283 514 1320 ductum.
598 1282 755 1320 Audivit
801 1283 1001 1319 nonnullos
1046 1281 1326 1330 philosophos,

224 1351 322 1390 forte
334 1352 440 1390 etiam
459 1352 616 1402 Sopbis
628 1361 700 1389 tas
721 1351 883 1398 aliquos,
913 1351 1061 1399 publice
1073 1350 1324 1398 disputantes3

222 1432 343 1460 tamen
375 1432 452 1460 non
486 1434 552 1469 per
588 1422 657 1458 hos
696 1434 735 1458 se
776 1420 964 1458 informari
1001 1421 1116 1466 sivit,
1155 1421 1220 1458 sed
1247 1420 1326 1468 ipse

222 1503 262 1530 se
301 1491 515 1529 informavit
550 1503 614 1540 per
654 1492 774 1538 alios,
818 1500 857 1529 ut
885 1500 989 1528 acute
1019 1489 1322 1527 Tennemann

217 1561 303 1599 dicit
330 1561 415 1611 (1).

271 1633 400 1678 Cum,
439 1631 489 1668 ita
514 1631 760 1673 informatus,
802 1630 896 1667 inter
932 1629 1097 1666 homines
1133 1627 1320 1676 prodiret,

219 1709 262 1738 ut
284 1701 524 1746 muneribus,
568 1711 660 1747 quae
678 1701 739 1742 ¹lex
762 1699 934 1736 omnibus
958 1699 1102 1735 civibus
1118 1726 1130 1745 ,
1165 1700 1210 1736 ad
1234 1699 1321 1736 viri-

216 1771 287 1807 lem
337 1778 488 1807 aetatem
539 1770 745 1817 progressis
763 1797 776 1815 ,
829 1770 1033 1817 peragenda
1079 1767 1318 1817 imponebat,

216 1839 458 1886 fungeretur,
504 1849 580 1875 non
616 1839 739 1886 potuit
775 1849 851 1875 non
885 1838 1090 1886 improbare
1121 1850 1187 1885 ea,
1227 1850 1319 1887 quae

216 1909 314 1956 apud
338 1908 536 1956 plerosque
562 1909 729 1955 aequales
752 1919 841 1945 suos
872 1907 1029 1946 videbat.

265 1974 452 2022 Videbat,
491 1976 743 2024 philosophos
775 1977 859 2014 illos
887 1978 1049 2027 physicos
1071 1989 1108 2014 ea
1134 1986 1314 2023 tractare,

215 2055 309 2090 quae
356 2045 415 2082 vel
473 2038 618 2092 procul
643 2055 765 2082 essent
799 2045 843 2082 ab
876 2046 1036 2083 hominis
1076 2046 1313 2094 cognitione,

211 2114 302 2160 vel,
342 2113 373 2150 si
412 2113 564 2150 maxime
603 2114 751 2160 cognita
778 2123 927 2161 essent,
965 2115 1057 2152 nihil
1081 2125 1200 2153 tamen
1224 2126 1313 2152 con-

213 2181 348 2220 ferrent
375 2182 419 2220 ad
442 2182 533 2220 bene
557 2184 769 2221 vivendum.
825 2184 1010 2232 Quaerere
1032 2184 1196 2232 solebat,
1223 2195 1310 2221 num

1260 2265 1308 2291 is-

249 2332 294 2371 (l)
330 2331 388 2362 hl.
413 2332 575 2365 'sont-ll.
599 2343 667 2372 pilg-
693 2334 740 2373 37.
