1487 2625
502 177 855 223 MEDICA.
1188 203 1239 242 35

118 287 179 318 tur
215 291 490 333 symptomata,
528 299 624 336 quae
656 290 694 328 in
731 292 838 331 initio
864 293 1054 335 observari
1079 299 1231 350 solent,

111 349 339 401 dyspepsia,
393 366 486 403 quae
532 370 598 406 per
642 360 840 401 triennium
874 376 1022 414 aegrum
1062 369 1228 410 tenebat,

107 419 196 458 Alio
228 432 317 461 casu
343 426 531 468 emaciatio
556 440 631 467 erat
655 430 812 480 insignis
831 442 868 472 et
889 433 1006 474 febris
1030 441 1225 487 anomala,

106 491 267 530 triennio
294 495 444 542 elapso,
470 498 583 536 vitam
611 501 747 544 tollens
774 503 858 552 (1).

153 561 336 611 Quamvis
373 567 468 604 enim
503 570 698 609 ventriculi
724 572 1063 624 intestinorumque
1089 578 1224 618 laesio·

100 641 167 669 nes
188 634 407 682 organicae,
430 649 524 685 quae
549 640 684 682 veneni
700 644 993 697 assumptionem
1019 650 1127 697 sequi
1153 660 1220 689 so-

97 701 202 750 lent,
235 713 388 743 mortem
418 707 647 748 subitaneam
673 722 752 749 non
781 724 927 763 semper
949 716 1134 767 inferant,
1161 728 1217 759 ta-

96 783 182 811 men
205 772 282 812 fere
305 787 478 825 semper,
503 781 682 829 temporis
704 782 1122 832 decursu‚-nutrit-ionis
1149 791 1214 833 de,-

93 840 212 890 fectu,
234 843 376 892 febrem
402 848 581 888 hecticam
605 851 801 901 adferunt,
824 867 919 903 quae
933 857 1046 896 vitam
1063 860 1209 908 tandem

89 912 275 961 extinguit
298 916 385 965 (2).
424 952 427 957 ,
815 934 819 940 “

153 983 290 1033 Neque
316 988 474 1027 multum
512 1001 532 1029 a
568 990 676 1029 dictis
711 995 890 1033 recedunt
930 1006 1206 1048 symptomata,

89 1065 203 1101 quae,
217 1055 400 1095 Arsenico
425 1058 573 1097 minima
597 1046 678 1098 'dosi
708 1072 826 1110 eaque
853 1066 1008 1113 repetita
1031 1067 1203 1117 ingesto,

84 1123 194 1171 sequi
216 1125 353 1172 solent.
390 1127 578 1176 Exemplo
604 1131 653 1168 sit
675 1143 770 1179 aqua
797 1132 958 1174 Toffana
970 1137 1068 1188 <3);
1088 1140 1201 1189 cujus

84 1190 243 1232 effectus
271 1195 847 1250 Hahnemannus'sequenti
875 1206 1016 1245 ratione
1042 1209 1201 1248 delinea-

82 1262 149 1304 vit.
184 1262 291 1302 Vires
314 1266 394 1304 sine
417 1268 495 1305 ullo
511 1279 763 1318 symptomate
776 1275 934 1313 notabili
949 1277 1167 1317 decrescunt
1182 1307 1198 1328 ,

79 1343 164 1370 cum
189 1333 366 1383 singulari
392 1337 635 1385 aegritudinis
663 1343 900 1392 sensatione,
927 1346 1062 1384 virium
1091 1349 1197 1387 dein-

77 1402 123 1439 de
146 1404 343 1452 collapsu,
368 1406 548 1446 febricula
578 1420 614 1447 et
637 1412 759 1451 somni
784 1413 948 1454 defectu.
990 1418 1193 1466 Appetitus

75 1472 241 1519 deletur,
271 1475 369 1522 perit
392 1478 526 1516 mentis
548 1480 712 1519 alacritas
740 1491 776 1520 et
800 1483 911 1523 facies
926 1488 1054 1526 colore
1072 1489 1191 1528 livido

73 1541 245 1590 tingitur.
297 1544 477 1595 Hydrops
507 1556 543 1586 et
569 1552 783 1590 exanthema
808 1554 946 1594 miliare
979 1557 1189 1607 nigricans,

74 1623 159 1650 curn
194 1616 531 1665 convulsionibus‚
566 1623 703 1659 sudore
731 1632 768 1660 et
796 1625 986 1664 diarrhoea
1009 1629 1189 1677 colliqua-

71 1683 146 1722 tiva
172 1683 282 1722 finem
309 1686 466 1726 miseriis
495 1689 693 1737 imponunt
719 1693 806 1742 (4).

1066 1806 1103 1854 ἓ.
1124 1820 1183 1846 ιο,

111 1862 207 1902 (1)*1.
230 1873 259 1894 c.
282 1863 366 1894 Hist.
387 1864 432 1896 V,
452 1877 485 1905 p.
499 1864 572 1897 354.
597 1868 710 1901 Schol.
728 1870 796 1901 ΙΙΙ.

109 1909 467 1957 (2)'Hahnemann,
495 1920 519 1951 l.
545 1932 573 1951 c.
596 1933 628 1960 p.
651 1923 702 1954 62.
727 1927 759 1964 ᾗ.
782 1933 851 1966 129.

107 1968 156 2008 (5)
182 1968 233 2000 Cf.
256 1970 500 2010 Hoffmann,
529 1976 618 2005 Med.
642 1982 711 2008 rat.
741 1979 831 2017 Syst.
870 1979 963 2011 Tom-
992 1981 1020 2012 Ι.
1046 1992 1081 2020 Ρ.
1107 1986 1177 2024 193.

66 2021 177 2054 schol.
201 2024 250 2054 ad.
274 2028 306 2066 ᾗ.
330 2036 430 2066 19.—
461 2037 479 2055 ³)
495 2026 589 2058 Nihil
610 2029 697 2060 aliud
720 2031 818 2069 est,''
841 2033 886 2063 sic
901 2034 1020 2071 refert,
1047 2046 1064 2063 n
1080 2048 1176 2076 quam
1231 2044 1236 2049 ⁴

64 2085 84 2104 υ
101 2078 289 2108 Arsenicum
311 2080 551 2120 crystallinum,
573 2083 606 2112 in
628 2083 714 2123 larga
735 2095 834 2125 aquae
856 2088 946 2125 copia
968 2099 1026 2127 per
1049 2090 1179 2130 simpli-

62 2138 81 2158 ι
95 2140 164 2161 cem
183 2130 404 2164 decoctionem
425 2134 584 2172 solutum,
607 2135 733 2174 addita,
757 2139 864 2168 nescio
887 2139 918 2168 in
939 2152 1034 2180 quem
1056 2143 1175 2182 finem,

62 2193 81 2210 υ
97 2183 301 2223 Cymbalaria
323 2186 434 2218 herba.
479 2189 572 2228 Aqua
597 2200 675 2219 vero
690 2211 699 2227 ,
723 2191 848 2230 vulgari
867 2193 1018 2225 idiomate
1044 2197 1180 2237 Neapo-

63 2245 82 2264 n
97 2235 219 2276 lit-ano,
245 2250 335 2281 aqua
360 2242 450 2272 della
480 2243 631 2282 Tofficma
652 2245 846 2283 appellatur.

103 2290 152 2332 (4)
177 2291 200 2322 l.
223 2303 252 2324 c.
273 2304 306 2333 p.
328 2295 378 2327 63.
405 2299 440 2338 f.
462 2296 530 2328 131.

575 2358 659 2396 Ca
