1487 2625
376 213 968 253 THEOLOGICA.
1183 224 1229 261 59

122 326 292 373 audiret,
330 335 439 372 quam
457 325 521 373 ,de
537 323 820 370 accusatione„
843 323 971 370 *ipsum
998 330 1122 359 monet
1138 350 1151 367 ,
1193 330 1231 366 ut

122 396 262 445 cogitet
289 395 335 433 de
357 393 571 434 defensione
592 394 763 441 paranda.
816 393 867 431 At
904 392 988 430 ille:
1020 420 1065 439 ,,,
1091 389 1231 438 Nonne

125 494 149 514 „
174 466 243 504 tibi
281 465 409 503 videor
423 465 464 510 ‚⁹3
503 463 652 511 inquit,
696 492 719 509 „
746 462 855 500 vitam
881 461 1115 507 traduxisse,
1158 461 1229 498 hoc

123 563 150 584 „
176 546 289 574 unum
317 535 520 585 meditans,
551 545 665 581 quum
689 533 904 575 nihilalmd
934 532 1095 581 egerim,
1125 541 1231 579 quam

125 631 150 652 ‚‚
177 603 268 651 quid
289 604 439 653 justum
455 603 531 650 sit,
559 602 649 649 quid
670 601 878 651 injustum,
905 602 1116 650 inquirere,
1142 601 1235 638 illud

126 703 150 722 ,‚
175 674 320 720 facere-5
347 674 487 712 abhoc
513 672 874 716 abstinere‘lflaec
901 672 1040 720 optima
1063 670 1154 708 mihi
1178 670 1233 709 vi-‚

125 752 150 793 ,4
175 746 283 784 detur
307 743 546 784 defensionis
587 743 739 791 paratio,
818 742 971 780 Herm.
1011 745 1064 779 At
1110 751 1233 780 nonne

126 833 152 862 ·,,
175 815 308 861 vides,
335 813 590 855 Socnates!
619 814 760 862 judices
785 814 977 850 damnasse
1000 811 1072 860 jam
1093 807 1233 847 multos

125 909 151 931 ,,
176 884 371 931 insontes,
419 895 547 922 eorum
582 883 817 920 sermonibus
859 881 1052 926 offensos,
1095 881 1233 919 multos

126 980 152 1001 „
179 965 333 1002 quoque
359 954 566 992 absolvisse
596 953 731 1001 injusta
756 960 967 999 patrantes,
1007 949 1069 997 qui
1103 937 1235 997 nempe

127 1050 152 1071 ,‚
178 1023 348 1072 ipsorum
371 1022 663 1061 benevolentiam
691 1030 838 1070 captare
862 1020 1071 1058 noverant?
1103 1020 1231 1057 Socr.

126 1120 152 1140 „
178 1084 252 1132 Sed
286 1094 521 1131 mehercule!
564 1104 678 1140 quum
712 1094 784 1141 jam
816 1091 1020 1138 coepissem
1047 1090 1234 1137 cogitare,

127 1191 151 1211 „
178 1163 371 1210 quomodo
412 1174 470 1201 me
493 1162 592 1210 apud
616 1162 760 1211 judices
795 1161 1024 1199 defenderem
1041 1189 1053 1207 ,
1090 1161 1236 1197 daemo-

127 1260 152 1280 „
177 1233 280 1270 nium
330 1233 481 1270 restitit.
540 1232 690 1270 Herm.
745 1231 840 1269 Mira
892 1227 1040 1267 narras!
1087 1230 1112 1266 S
1128 1240 1184 1265 oc
1201 1240 1231 1265 r,

127 1327 154 1350 „
178 1301 401 1347 Mirarisne‚
429 1302 511 1342 neo
538 1301 668 1339 melius
694 1301 764 1338 hoc
791 1300 937 1346 videri,
966 1309 1008 1336 ut
1030 1302 1101 1349 J'am
1124 1300 1234 1335 vitam

129 1398 154 1419 ,‚
180 1371 361 1419 dep-onam
378 1371 397 1409 *ἓ
424 1382 506 1408 nam
532 1370 704 1418 profecto
720 1398 732 1416 ‚
771 1370 816 1407 ad
843 1370 939 1411 hunc
970 1380 1088 1416 usque
1114 1368 1233 1412 diem,

129 1468 154 1488 ,‚
179 1450 257 1478 non
294 1440 540 1478 concesserim
579 1440 692 1478 ullum
732 1439 916 1476 hominem
957 1439 1086 1474 melius
1109 1446 1145 1474 et
1175 1438 1235 1485 ju-

128 1537 154 1558 „
177 1510 361 1557 cundius,
390 1521 498 1557 quam
528 1520 608 1556 me,
635 1509 799 1546 vixisse:
830 1509 968 1556 optime
994 1507 1087 1543 enim
1112 1507 1236 1543 vivere

129 1598 156 1627 ς,
181 1579 354 1619 exiStimo
379 1590 469 1624 eos,
497 1579 560 1626 qui
589 1579 730 1626 optime
758 1588 904 1625 operam
931 1579 1016 1614 dant
1033 1603 1051 1622 ‚.
1073 1586 1233 1623 utquam

129 1677 155 1698 „
181 1650 315 1697 optimi
341 1648 455 1696 fiant,
480 1647 748 1697 jucundissime
775 1658 893 1685 autem
920 1659 1010 1694 eos‚
1040 1646 1102 1693 qui
1125 1646 1237 1683 maxi-

129 1747 155 1769 „
181 1732 239 1757 me
274 1719 429 1766 vident,
473 1730 512 1755 se
547 1718 714 1755 meliores
753 1717 844 1754 fieri.
899 1716 999 1753 Haec
1032 1725 1152 1753 autem
1193 1716 1237 1752 ad

129 1816 154 1838 „
181 1791 252 1828 hoc
295 1800 415 1836 usque
453 1796 601 1836 tempus
641 1787 734 1825 mihi
766 1787 971 1834 contigere.
1047 1786 1111 1822 Sin
1148 1796 1235 1831 velfo

129 1885 155 1906 „
181 1860 321 1898 diutius
357 1859 446 1896 vivo
462 1886 475 1905 ,
513 1868 588 1895 non
626 1866 758 1905 potero
786 1868 861 1894 non
886 1856 1010 1895 subire
1035 1859 1234 1892 senectutis

130 1958 155 1979 „
180 1930 392 1976 molestias,
421 1940 492 1975 qua
516 1938 551 1966 et
577 1940 753 1966 sensuum
776 1928 897 1971 acies,
926 1938 961 1963 et
982 1926 1115 1963 mentis
1140 1927 1236 1963 vires

132 2027 158 2047 ‚,
183 2001 415 2037 minuuntur.
466 2000 679 2044 Praeterea,
709 1998 740 2035 si
768 1998 902 2045 injusta
927 2004 1046 2038 morte
1071 1994 1232 2041 afficior,

129 2082 156 2119 ’ἦ
181 2069 247 2117 iis,
272 2072 337 2118 qui
357 2070 494 2118 injuste
516 2080 574 2106 me
597 2068 904 2113 condemnarunt,
931 2076 1039 2113 turpe
1065 2065 1136 2101 hoc
1152 2065 1234 2110 erit,

128 2167 154 2188 „
179 2150 255 2177 non
271 2139 375 2177 mihi.
388 2160 440 2177 ε-
464 2139 682 2176 Persuasum
701 2136 788 2173 mihi
806 2147 958 2183 quoque
975 2135 1093 2172 habeo
1110 2143 1236 2182 poste-

130 2234 156 2257 „
181 2220 260 2257 ros,
283 2209 424 2246 etiamsi
440 2219 538 2246 nunc
553 2207 702 2255 moriar,
719 2207 925 2244 memoriam
941 2205 1009 2243 mei
1023 2213 1234 2243 servaturos

131 2305 155 2327 ,‚
179 2289 259 2316 esse
274 2307 287 2326 ‚
312 2279 417 2318 aliter
439 2291 547 2325 quam
564 2289 688 2316 eorum
705 2305 718 2325 ‚
747 2277 811 2325 qui
827 2288 883 2315 me
899 2278 942 2315 ad
955 2286 1108 2315 mortem
1122 2275 1236 2313 duxe-

1077 2375 1100 2393 „
1127 2355 1233 2383 runt:
