1487 2625
509 181 857 222 MEDICA.
1195 192 1242 232 33

175 294 282 331 Alter
317 301 476 330 tremore
511 292 651 330 brachii
693 291 811 330 dextri
846 291 1086 341 eJ'usdemque
1117 291 1240 329 lateris

124 362 243 400 cruris
259 362 551 410 corripiebatur,
565 374 649 400 cum
666 391 678 410 ‚
698 364 851 400 durante
865 369 999 409 nocte,
1019 372 1086 409 per
1096 361 1242 408 aliquot

127 431 226 471 vices
269 433 446 481 epilepsia
483 433 712 478 afficeretur,
757 441 887 480 postea
927 443 994 479 per
1030 430 1241 478 quindecim

126 502 204 540 dies
218 530 232 550 ‚
253 511 418 550 tempore
439 503 680 550 vespertino,
713 501 913 539 identidem
938 500 1094 548 repetita
1117 507 1152 538 et
1172 510 1239 548 per

123 583 270 611 menses
295 573 471 621 deinceps
499 573 644 621 saepius
673 572 954 610 recrudescente
977 572 1061 621 (t).
1082 581 1083 585 ¹

176 643 439 680 Memorabilis
462 643 625 680 occurrit
662 641 875 679 observatio
907 642 1021 690 hujus
1049 640 1241 687 veneficii,

125 712 163 749 in
190 713 298 761 cujus
325 712 432 750 initio
461 712 565 760 signa
590 711 893 759 inflammationis
922 711 1242 758 observabantur,

125 791 304 829 sequente
326 782 384 819 die
419 782 570 820 leviora.
623 782 741 820 Simul
773 794 861 819 vero
899 792 1009 829 grana
1043 782 1116 819 XII
1157 782 1244 819 Sul-

125 850 275 898 phureti
312 851 470 889 Potassii
510 852 611 889 omni
649 850 800 889 bihorio
840 852 1157 901 porrigebantur,
1197 849 1241 888 eo

126 919 287 968 effectu,
320 929 360 958 ut
386 922 561 968 quamdiu
590 922 662 959 hoc
691 922 958 960 medicamento
987 923 1161 960 utebatur
1187 933 1247 959 ae·

127 999 304 1039 grotans‚
344 991 538 1039 insigniter
575 1001 797 1040 augerentur
833 1001 1097 1040 symptomata.
1153 993 1242 1030 Duo

127 1060 301 1108 puellae,
330 1072 473 1099 veneno
513 1060 692 1108 affectae,
730 1062 908 1108 loquendi
948 1072 983 1100 et
1015 1060 1245 1110 deglutiendi

127 1131 344 1175 amittebant
374 1130 585 1169 facultatem
603 1158 617 1178 ‚
646 1140 759 1179 atque
785 1139 909 1190 tetano
933 1140 968 1168 et
989 1132 1247 1169 convulsioni-

63 1227 67 1232 -
129 1201 200 1252 bus
242 1213 307 1249 per
349 1211 472 1240 totum
506 1213 644 1249 corpus
678 1201 991 1250 corripiebantur.
1046 1202 1088 1239 In
1110 1201 1245 1247 tertia,

130 1279 313 1309 caeterum
340 1271 468 1309 eodem
492 1273 605 1309 modo
632 1271 787 1318 affecta,
817 1273 904 1309 haec
929 1272 1246 1309 desiderabantur.

130 1341 246 1378 Hisce
276 1341 619 1390 symptomatibus‚
657 1341 694 1379 in
726 1343 834 1379 altera
861 1343 1013 1379 duarum
1039 1350 1143 1378 antea
1172 1341 1248 1378 dic-

129 1419 248 1448 tarum
276 1398 515 1459 puellarum,
542 1411 601 1450 die
626 1411 736 1450 tertio
769 1423 874 1450 coma
905 1411 1124 1458 accedebat,
1163 1423 1246 1458 per-

130 1480 283 1519 sistente
319 1489 444 1519 tetano
479 1490 515 1519 et
550 1482 791 1520 redeuntibus
818 1483 1057 1529 ·quandoque
1090 1482 1249 1518 convul-

130 1551 328 1594 sionibus3
353 1552 491 1599 quibus
516 1552 691 1589 omnibus
720 1561 796 1588 arte
826 1551 962 1588 curatis
978 1580 990 1598 ‚
1020 1549 1247 1599 cephalalgia

131 1632 166 1659 et
205 1620 366 1659 faucium
404 1622 514 1659 ardor
551 1621 763 1659 cruciabant
800 1633 958 1669 aegram.
1016 1621 1245 1668 Sulphureto

130 1691 290 1730 Potassii
329 1692 453 1729 denuo
492 1692 678 1729 utebatur.
745 1692 984 1740 Cephalalgia
1017 1691 1249 1738 ingravesce-

130 1762 220 1808 bat,
240 1773 323 1798 cum
348 1761 476 1798 delirio
502 1761 707 1799 furibundo
725 1790 737 1808 ‚
764 1762 867 1809 quod
895 1772 1014 1799 tamen
1042 1774 1157 1808 aquae
1182 1760 1248 1798 fri-

131 1831 236 1881 gidae
260 1830 508 1868 affusionibus
533 1831 745 1870 sedabatur.
800 1832 996 1870 Sanitatem
1022 1833 1246 1879 pedetentim

129 1901 376 1948 recuperavit.
429 1901 568 1938 Eadem
605 1899 726 1938 omnia
759 1902 1003 1939 cernebantur
1032 1903 1068 1938 in
1095 1903 1246 1948 reliquis

128 1958 288 2008 'duabus'
319 1969 594 2017 aegrotantibus
638 1980 916 2018 symptomata,
971 1972 1086 2019 gradu
1124 1981 1246 2009 tamen

129 2041 267 2078 leviora
294 2041 377 2090 (2).
734 2032 737 2035 v
1135 2038 1152 2043 ’χ

303 2166 305 2170 ¹
1166 2112 1248 2150 Siu-

173 2191 221 2230 (ι)
257 2189 379 2220 Edinb.
414 2191 526 2219 medie:-
557 2192 624 2220 and
655 2193 778 2231 surgz'C.
813 2193 933 2220 Jourlz.
978 2192 1079 2222 xllx.
1099 2191 1172 2233 507.
1196 2194 1247 2222 Cf.

135 2243 385 2274 Christison
403 2242 429 2272 ¹1.
454 2254 481 2272 c.
505 2254 536 2281 p.
560 2244 629 2274 316.

179 2297 226 2336 (2)
251 2296 335 2327 Ibid.
360 2295 437 2328 XV.
460 2296 532 2327 553.
573 2298 625 2329 Cf.
648 2296 900 2328 Christison
924 2298 946 2329 l.
969 2309 998 2329 c.
1020 2310 1051 2338 1·-
1076 2298 1145 2329 518.

186 2369 278 2398 nus,
673 2358 706 2397 C
