1487 2625
246 217 294 254 34
467 197 1126 241 COMMENTATIO

249 325 320 351 nus
348 311 486 349 amicus
502 338 514 356 ‚
543 321 588 346 ex
611 319 656 346 eo
683 307 872 353 ostendit,
901 308 1003 354 quod
1024 316 1096 346 'nec
1120 319 1241 356 equus
1258 335 1268 354 ‚
1297 318 1365 345 nec

246 385 376 433 juguni
419 383 561 426 boum,
601 390 667 416 nec
703 388 862 422 servm,
898 388 965 413 nec
1003 377 1102 415 aliud
1129 378 1367 426 quidquam,

249 464 320 492 tam
357 451 448 489 utile
470 451 548 496 sit,
586 461 696 496 quam
734 449 856 486 bonus
878 447 1043 492 amicus,
1083 447 1149 495 qui
1182 449 1302 486 amico
1329 448 1367 485 in

251 522 426 560 omnibus
460 520 572 557 rebus
603 519 810 567 opituletur
840 517 925 565 (1).
991 517 1089 554 Hinc
1125 517 1245 564 dicit,
1277 519 1368 556 ami-

248 603 377 629 corum
393 620 405 636 ‚
434 600 551 637 aeque
575 600 616 626 ac
637 599 831 626 servorum
846 615 858 633 ‚
886 597 964 624 non
979 586 1101 634 idem,
1128 588 1192 626 sed
1213 588 1369 626 maxime

250 661 390 700 varium
412 671 494 697 esse
517 650 676 707 pretium
694 687 707 704 ,
736 669 804 706 pro
832 657 991 696 utilitate
1013 669 1122 705 quam
1150 666 1367 706 praestent;

250 740 286 769 et
320 731 490 778 loquitur
528 731 572 768 de
607 728 763 775 amicis,
808 739 905 775 quos
945 739 1078 776 operae
1123 728 1283 776 pretium
1320 728 1370 766 sit

250 803 324 841 sibi
349 802 572 839 conciliare:
602 800 641 836 hi
664 808 785 838 autem
814 808 930 846 sunt,
959 799 1024 846 qui
1052 799 1251 847 plurimum
1281 810 1370 847 pro—

249 873 356 910 desse
406 872 524 909 amico
577 879 760 919 possunt,
815 869 964 907 minima
997 870 1043 907 ab
1075 881 1120 907 eo
1156 869 1229 907 sibi
1267 869 1371 919 flagi,-

251 950 328 980 tant
356 943 440 991 (2).

300 1013 372 1051 Sed
409 1014 481 1062 jam
520 1011 665 1049 diutius
704 1010 742 1047 in
783 1010 884 1048 hisce
926 1010 1038 1047 rebus
1068 1017 1239 1047 versatus
1268 1020 1369 1048 sum.

250 1084 477 1120 Socrates
494 1110 506 1128 ‚
535 1081 603 1119 etsi
627 1081 802 1119 virtutem
827 1080 1084 1124 commendat,
1114 1088 1155 1117 ut
1182 1077 1369 1117 felicitatis

250 1151 498 1197 effectricem,
526 1161 603 1187 non
627 1158 748 1186 tamen
768 1150 851 1187 ideo
877 1161 950 1186 eam
965 1149 1102 1187 coluit:
1133 1149 1169 1186 in
1183 1159 1228 1185 eo
1243 1148 1368 1195 enim,

253 1232 293 1260 ut
336 1222 374 1259 in
424 1221 552 1258 multis
577 1248 590 1266 ‚
644 1227 774 1257 natura
811 1230 957 1266 pravam
994 1217 1110 1254 vincit
1146 1217 1366 1255 doctrinam.

252 1293 397 1340 Sponte
428 1300 548 1328 autem
578 1300 646 1337 per
673 1300 792 1326 rerum
817 1288 1070 1325 conditionem
1110 1298 1154 1323 eo
1192 1287 1370 1334 perduce-

250 1362 383 1407 batur,
410 1369 454 1398 ut
479 1359 662 1407 imprimis
684 1357 835 1396 virtutis
863 1358 1067 1405 respiceret
1091 1357 1209 1394 bonas
1235 1367 1370 1403 seque-

250 1432 328 1469 las:
359 1441 440 1467 nam
470 1429 740 1476 sophistae
765 1426 975 1473 docebant,
1004 1426 1370 1474 multisquepersua-

249 1509 398 1546 serant,
423 1499 603 1549 justitiam
630 1497 663 1535 ei
680 1526 692 1544 ‚
721 1497 786 1544 qui
813 1497 931 1545 ipsam
958 1496 1072 1542 colit,
1102 1507 1183 1533 esse
1196 1495 1369 1542 noxiam,

252 1570 404 1619 reliquis
447 1571 590 1606 utilem.
656 1567 774 1617 Quod
807 1577 928 1604 autem
966 1565 1089 1602 omnia
1128 1566 1172 1602 ad
1207 1564 1368 1601 civitatis

251 1642 427 1679 rationem
455 1640 605 1687 exigat,
635 1647 670 1674 et
694 1639 738 1674 ad
767 1637 963 1674 consilium
992 1645 1176 1672 terrenum
1205 1633 1338 1671 referat
1357 1662 1370 1681 ‚

252 1710 288 1747 id
314 1722 396 1746 cum
422 1709 593 1745 universa
616 1706 691 1744 fere
715 1706 933 1753 antiquitate
961 1705 1111 1744 Graeca
1135 1713 1171 1742 et
1195 1704 1370 1742 Romana

250 1790 448 1815 commune
474 1778 583 1815 habet
598 1779 693 1825 (3),
722 1789 796 1814 non
826 1785 880 1814 est
905 1775 1051 1823 privum
1075 1775 1192 1823 ipsius
1219 1775 1367 1813 vitium.

303 1849 403 1886 Haec
427 1848 648 1886 universalia
674 1848 718 1883 de
745 1847 942 1884 Socrate
970 1845 1078 1883 latius
1105 1844 1367 1893 exposuimus,

1279 1914 1366 1962 quia

292 2008 340 2045 (ι)
366 2007 464 2035 Mem.
489 2004 536 2035 11.
559 2015 588 2034 c.
609 2003 639 2034 4.
663 2003 784 2032 Eodem
807 2002 902 2032 modo
919 2024 927 2039 ‚
953 2001 1065 2042 quanti
1085 2003 1183 2040 pretii
1204 2003 1267 2040 sit,
1302 2003 1367 2031 bo-

249 2070 322 2089 num
346 2059 463 2087 hahere
483 2059 614 2086 fratrem
631 2079 640 2093 ,
665 2056 807 2086 ostendit
827 2055 904 2091 Lib,
921 2056 967 2085 II.
984 2066 1013 2085 c.
1028 2057 1056 2085 3.
1076 2058 1112 2096 §-
1126 2056 1200 2086 1—4.

292 2119 340 2157 (2)
364 2118 416 2146 Cf.
440 2117 537 2146 Mem.
562 2117 607 2145 ΙΙ.
630 2127 659 2145 c.
680 2115 710 2145 5.
730 2126 757 2145 c.
781 2116 811 2145 6.

277 2177 339 2216 >(5)
364 2176 415 2206 Cf.
437 2188 468 2206 v.
492 2176 543 2205 Ci.
569 2175 603 2205 P.
630 2174 833 2204 Hofstede
856 2174 901 2202 de
925 2173 1065 2204 Groot
1085 2174 1241 2204 Historia
1260 2173 1367 2203 eccle-

249 2231 331 2266 siae‘
345 2230 556 2258 Christianae
579 2229 608 2268 ς’.
632 2238 681 2268 19.
706 2233 737 2257 et
760 2230 797 2257 (J.
819 2227 1018 2258 Uilmann
1040 2227 1122 2257 iiber
1139 2227 1194 2256 die
1219 2227 1366 2257 Sia'ndlo-

247 2281 367 2321 ,sigkeit
388 2282 467 2311 Josu
489 2290 557 2320 pag.
580 2281 631 2310 50.
655 2280 732 2311 edit.
756 2291 810 2310 nac
827 2301 836 2316 ‚
862 2279 976 2309 Hamb.
998 2279 1093 2311 18-33.
