<?xml version="1.0" encoding="UTF-8"?>
<!DOCTYPE html PUBLIC "-//W3C//DTD XHTML 1.0 Transitional//EN"
    "http://www.w3.org/TR/xhtml1/DTD/xhtml1-transitional.dtd">
<html xmlns="http://www.w3.org/1999/xhtml" xml:lang="en" lang="en">
 <head>
  <title>
</title>
<meta http-equiv="Content-Type" content="text/html;charset=utf-8" />
  <meta name='ocr-system' content='tesseract 3.04.00' />
  <meta name='ocr-capabilities' content='ocr_page ocr_carea ocr_par ocr_line ocrx_word'/>
</head>
<body>
  <div class='ocr_page' id='page_1' title='image "annalesacademiae35rhen_0365.png"; bbox 0 0 1487 2625; ppageno 0'>
   <div class='ocr_carea' id='block_1_1' title="bbox 0 1546 38 2602">
    <p class='ocr_par' dir='ltr' id='par_1_1' title="bbox 0 1546 38 2602">
     <span class='ocr_line' id='line_1_1' title="bbox 0 1546 38 2602; baseline 0 0"><span class='ocrx_word' id='word_1_1' title='bbox 0 1546 38 2602; x_wconf 95' lang='lat' dir='ltr'> </span> 
     </span>
    </p>
   </div>
   <div class='ocr_carea' id='block_1_2' title="bbox 369 218 1207 278">
    <p class='ocr_par' dir='ltr' id='par_1_2' title="bbox 369 218 1207 278">
     <span class='ocr_line' id='line_1_2' title="bbox 369 218 1207 278; baseline 0.011 -19"><span class='ocrx_word' id='word_1_2' title='bbox 369 218 961 264; x_wconf 53' lang='lat' dir='ltr'>THEOLoclcm</span> <span class='ocrx_word' id='word_1_3' title='bbox 1162 230 1207 278; x_wconf 61' lang='grc' dir='ltr'>ἡ</span> 
     </span>
    </p>
   </div>
   <div class='ocr_carea' id='block_1_3' title="bbox 97 328 1208 792">
    <p class='ocr_par' dir='ltr' id='par_1_3' title="bbox 97 328 1205 726">
     <span class='ocr_line' id='line_1_3' title="bbox 106 328 1204 379; baseline 0.005 -9"><span class='ocrx_word' id='word_1_4' title='bbox 106 332 197 370; x_wconf 86' lang='lat' dir='ltr'>hanc</span> <span class='ocrx_word' id='word_1_5' title='bbox 234 331 409 369; x_wconf 88' lang='lat' dir='ltr'>mundum</span> <span class='ocrx_word' id='word_1_6' title='bbox 446 331 668 379; x_wconf 87' lang='lat' dir='ltr'><strong>eandemque</strong></span> <span class='ocrx_word' id='word_1_7' title='bbox 693 332 816 372; x_wconf 90' lang='lat' dir='ltr'>Deum</span> <span class='ocrx_word' id='word_1_8' title='bbox 843 332 1040 374; x_wconf 54' lang='lat' dir='ltr'>habebanta</span> <span class='ocrx_word' id='word_1_9' title='bbox 1090 328 1204 376; x_wconf 79' lang='lat' dir='ltr'>At0:</span> 
     </span>
     <span class='ocr_line' id='line_1_4' title="bbox 104 399 1205 454; baseline 0.008 -18"><span class='ocrx_word' id='word_1_10' title='bbox 104 399 297 446; x_wconf 83' lang='lat' dir='ltr'>mistae,</span> <span class='ocrx_word' id='word_1_11' title='bbox 337 411 420 437; x_wconf 85' lang='lat' dir='ltr'>cum</span> <span class='ocrx_word' id='word_1_12' title='bbox 457 400 584 438; x_wconf 82' lang='lat' dir='ltr'>mundi</span> <span class='ocrx_word' id='word_1_13' title='bbox 615 401 789 449; x_wconf 79' lang='lat' dir='ltr'>originem</span> <span class='ocrx_word' id='word_1_14' title='bbox 828 414 873 441; x_wconf 85' lang='lat' dir='ltr'>ex</span> <span class='ocrx_word' id='word_1_15' title='bbox 911 404 1073 452; x_wconf 79' lang='lat' dir='ltr'>atomiS‚</span> <span class='ocrx_word' id='word_1_16' title='bbox 1109 412 1205 454; x_wconf 87' lang='lat' dir='ltr'>quae</span> 
     </span>
     <span class='ocr_line' id='line_1_5' title="bbox 101 469 1203 518; baseline 0.009 -13"><span class='ocrx_word' id='word_1_17' title='bbox 101 469 264 516; x_wconf 87' lang='lat' dir='ltr'>pondere</span> <span class='ocrx_word' id='word_1_18' title='bbox 291 481 361 507; x_wconf 89' lang='lat' dir='ltr'>suo</span> <span class='ocrx_word' id='word_1_19' title='bbox 381 470 551 507; x_wconf 88' lang='lat' dir='ltr'>deorsum</span> <span class='ocrx_word' id='word_1_20' title='bbox 576 471 836 518; x_wconf 83' lang='lat' dir='ltr'>traherentur,</span> <span class='ocrx_word' id='word_1_21' title='bbox 874 482 910 511; x_wconf 91' lang='lat' dir='ltr'>et</span> <span class='ocrx_word' id='word_1_22' title='bbox 945 485 1018 512; x_wconf 86' lang='lat' dir='ltr'>una</span> <span class='ocrx_word' id='word_1_23' title='bbox 1055 475 1203 516; x_wconf 87' lang='lat' dir='ltr'>alteram&#39;</span> 
     </span>
     <span class='ocr_line' id='line_1_6' title="bbox 99 539 1203 592; baseline 0.007 -16"><span class='ocrx_word' id='word_1_24' title='bbox 99 539 320 577; x_wconf 88' lang='lat' dir='ltr'>attraherent</span> <span class='ocrx_word' id='word_1_25' title='bbox 367 548 429 577; x_wconf 90' lang='lat' dir='ltr'>aut</span> <span class='ocrx_word' id='word_1_26' title='bbox 471 541 710 588; x_wconf 82' lang='lat' dir='ltr'>repellerent,</span> <span class='ocrx_word' id='word_1_27' title='bbox 763 541 942 590; x_wconf 89' lang='lat' dir='ltr'>explicare</span> <span class='ocrx_word' id='word_1_28' title='bbox 979 555 1093 592; x_wconf 91' lang='lat' dir='ltr'>posse</span> <span class='ocrx_word' id='word_1_29' title='bbox 1129 545 1203 585; x_wconf 84' lang='lat' dir='ltr'>sibi</span> 
     </span>
     <span class='ocr_line' id='line_1_7' title="bbox 99 607 1204 655; baseline 0.007 -10"><span class='ocrx_word' id='word_1_30' title='bbox 99 607 335 655; x_wconf 83' lang='lat' dir='ltr'>viderentur,</span> <span class='ocrx_word' id='word_1_31' title='bbox 381 609 515 646; x_wconf 87' lang='lat' dir='ltr'>nullam</span> <span class='ocrx_word' id='word_1_32' title='bbox 565 608 603 646; x_wconf 89' lang='lat' dir='ltr'>in</span> <span class='ocrx_word' id='word_1_33' title='bbox 655 611 792 649; x_wconf 89' lang='lat' dir='ltr'>mundo</span> <span class='ocrx_word' id='word_1_34' title='bbox 824 609 1018 650; x_wconf 86' lang='lat' dir='ltr'>formando</span> <span class='ocrx_word' id='word_1_35' title='bbox 1053 619 1204 654; x_wconf 77' lang='lat' dir='ltr'>naturae</span> 
     </span>
     <span class='ocr_line' id='line_1_8' title="bbox 97 677 684 726; baseline 0.002 -11"><span class='ocrx_word' id='word_1_36' title='bbox 97 678 242 716; x_wconf 84' lang='lat' dir='ltr'>divinae</span> <span class='ocrx_word' id='word_1_37' title='bbox 267 677 339 716; x_wconf 88' lang='lat' dir='ltr'>vim</span> <span class='ocrx_word' id='word_1_38' title='bbox 367 686 574 726; x_wconf 85' lang='lat' dir='ltr'>agnoscunt</span> <span class='ocrx_word' id='word_1_39' title='bbox 600 679 684 726; x_wconf 83' lang='lat'>(1).</span> 
     </span>
    </p>

    <p class='ocr_par' dir='ltr' id='par_1_4' title="bbox 1133 741 1208 792">
     <span class='ocr_line' id='line_1_9' title="bbox 1133 741 1208 792; baseline 0.013 -1"><span class='ocrx_word' id='word_1_40' title='bbox 1133 741 1208 792; x_wconf 57' lang='lat' dir='ltr'>Sui</span> 
     </span>
    </p>
   </div>
   <div class='ocr_carea' id='block_1_4' title="bbox 61 816 1216 2369">
    <p class='ocr_par' dir='ltr' id='par_1_5' title="bbox 61 816 1214 2259">
     <span class='ocr_line' id='line_1_10' title="bbox 140 816 1207 858; baseline 0.004 -11"><span class='ocrx_word' id='word_1_41' title='bbox 140 817 188 858; x_wconf 91' lang='grc' dir='ltr'>(ι)</span> <span class='ocrx_word' id='word_1_42' title='bbox 213 816 432 856; x_wconf 82' lang='lat' dir='ltr'>Excipiendus</span> <span class='ocrx_word' id='word_1_43' title='bbox 452 827 490 846; x_wconf 85' lang='lat' dir='ltr'>ex</span> <span class='ocrx_word' id='word_1_44' title='bbox 511 816 560 846; x_wconf 83' lang='lat' dir='ltr'>his</span> <span class='ocrx_word' id='word_1_45' title='bbox 579 827 642 847; x_wconf 90' lang='lat' dir='ltr'>non</span> <span class='ocrx_word' id='word_1_46' title='bbox 661 817 791 848; x_wconf 84' lang='lat' dir='ltr'>videtur</span> <span class='ocrx_word' id='word_1_47' title='bbox 813 818 1102 858; x_wconf 79' lang='lat' dir='ltr'>Anaxagoras:</span> <span class='ocrx_word' id='word_1_48' title='bbox 1132 830 1207 852; x_wconf 81' lang='lat' dir='ltr'>nam</span> 
     </span>
     <span class='ocr_line' id='line_1_11' title="bbox 96 869 1206 911; baseline 0.005 -13"><span class='ocrx_word' id='word_1_49' title='bbox 96 879 161 899; x_wconf 90' lang='lat' dir='ltr'>non</span> <span class='ocrx_word' id='word_1_50' title='bbox 186 869 247 900; x_wconf 65' lang='lat' dir='ltr'>alis</span> <span class='ocrx_word' id='word_1_51' title='bbox 271 871 427 908; x_wconf 87' lang='lat' dir='ltr'>processit</span> <span class='ocrx_word' id='word_1_52' title='bbox 447 870 498 901; x_wconf 69' lang='lat' dir='ltr'>vizi</span> <span class='ocrx_word' id='word_1_53' title='bbox 516 891 525 906; x_wconf 87' lang='lat'>‚</span> <span class='ocrx_word' id='word_1_54' title='bbox 548 880 643 910; x_wconf 83' lang='lat' dir='ltr'>quam</span> <span class='ocrx_word' id='word_1_55' title='bbox 663 870 794 910; x_wconf 86' lang='lat' dir='ltr'>reliqui.</span> <span class='ocrx_word' id='word_1_56' title='bbox 824 870 922 911; x_wconf 88' lang='lat' dir='ltr'>Quod</span> <span class='ocrx_word' id='word_1_57' title='bbox 940 872 1006 904; x_wconf 84' lang='lat' dir='ltr'>vim</span> <span class='ocrx_word' id='word_1_58' title='bbox 1025 877 1206 904; x_wconf 79' lang='lat' dir='ltr'>moventem</span> 
     </span>
     <span class='ocr_line' id='line_1_12' title="bbox 97 926 1208 968; baseline 0.003 -12"><span class='ocrx_word' id='word_1_59' title='bbox 97 928 171 962; x_wconf 74' lang='grc' dir='ltr'>γοῦν</span> <span class='ocrx_word' id='word_1_60' title='bbox 192 926 338 964; x_wconf 88' lang='lat' dir='ltr'>diceret,</span> <span class='ocrx_word' id='word_1_61' title='bbox 363 936 400 956; x_wconf 86' lang='lat' dir='ltr'>eo</span> <span class='ocrx_word' id='word_1_62' title='bbox 421 927 467 956; x_wconf 84' lang='lat' dir='ltr'>nil</span> <span class='ocrx_word' id='word_1_63' title='bbox 486 926 647 965; x_wconf 85' lang='lat' dir='ltr'>peculiare</span> <span class='ocrx_word' id='word_1_64' title='bbox 671 927 803 957; x_wconf 79' lang='lat' dir='ltr'>statuit:</span> <span class='ocrx_word' id='word_1_65' title='bbox 837 937 909 957; x_wconf 89' lang='lat' dir='ltr'>nam</span> <span class='ocrx_word' id='word_1_66' title='bbox 927 929 991 968; x_wconf 88' lang='lat' dir='ltr'>jam</span> <span class='ocrx_word' id='word_1_67' title='bbox 1011 928 1208 960; x_wconf 85' lang='lat' dir='ltr'>Heracli-</span> 
     </span>
     <span class='ocr_line' id='line_1_13' title="bbox 96 977 1207 1020; baseline 0 -9"><span class='ocrx_word' id='word_1_68' title='bbox 96 985 163 1011; x_wconf 82' lang='lat' dir='ltr'>tus</span> <span class='ocrx_word' id='word_1_69' title='bbox 201 980 363 1020; x_wconf 83' lang='lat' dir='ltr'>principio</span> <span class='ocrx_word' id='word_1_70' title='bbox 388 977 568 1020; x_wconf 59' lang='lat' dir='ltr'>suo&#39;ngenti</span> <span class='ocrx_word' id='word_1_71' title='bbox 601 981 837 1011; x_wconf 77' lang='lat' dir='ltr'>conscientiam</span> <span class='ocrx_word' id='word_1_72' title='bbox 861 982 915 1011; x_wconf 76' lang='lat' dir='ltr'>sui</span> <span class='ocrx_word' id='word_1_73' title='bbox 934 981 1052 1012; x_wconf 82' lang='lat' dir='ltr'>diserte</span> <span class='ocrx_word' id='word_1_74' title='bbox 1076 984 1207 1014; x_wconf 86' lang='lat' dir='ltr'>tribue..</span> 
     </span>
     <span class='ocr_line' id='line_1_14' title="bbox 96 1033 1205 1074; baseline 0.005 -11"><span class='ocrx_word' id='word_1_75' title='bbox 96 1035 169 1071; x_wconf 78' lang='lat' dir='ltr'>bat;</span> <span class='ocrx_word' id='word_1_76' title='bbox 205 1033 484 1072; x_wconf 83' lang='lat' dir='ltr'>Xenophanes</span> <span class='ocrx_word' id='word_1_77' title='bbox 515 1033 553 1063; x_wconf 92' lang='lat' dir='ltr'>de</span> <span class='ocrx_word' id='word_1_78' title='bbox 589 1033 706 1063; x_wconf 92' lang='lat' dir='ltr'>mundo</span> <span class='ocrx_word' id='word_1_79' title='bbox 728 1033 903 1074; x_wconf 83' lang='lat' dir='ltr'>eodemque</span> <span class='ocrx_word' id='word_1_80' title='bbox 924 1035 997 1065; x_wconf 90' lang='lat' dir='ltr'>Deo</span> <span class='ocrx_word' id='word_1_81' title='bbox 1017 1046 1074 1066; x_wconf 76' lang='lat' dir='ltr'>suo</span> <span class='ocrx_word' id='word_1_82' title='bbox 1096 1037 1205 1068; x_wconf 73' lang='lat' dir='ltr'>dicere</span> 
     </span>
     <span class='ocr_line' id='line_1_15' title="bbox 95 1087 1206 1131; baseline 0.004 -11"><span class='ocrx_word' id='word_1_83' title='bbox 95 1090 219 1120; x_wconf 80' lang='lat' dir='ltr'>solebat</span> <span class='ocrx_word' id='word_1_84' title='bbox 233 1102 242 1121; x_wconf 76' lang='lat' dir='ltr'>t</span> <span class='ocrx_word' id='word_1_85' title='bbox 266 1087 367 1128; x_wconf 64' lang='grc' dir='ltr'>οὖλος</span> <span class='ocrx_word' id='word_1_86' title='bbox 383 1090 459 1131; x_wconf 70' lang='grc' dir='ltr'>ὁρᾶ,</span> <span class='ocrx_word' id='word_1_87' title='bbox 486 1087 585 1129; x_wconf 79' lang='grc' dir='ltr'><em>οἷ’]λος</em></span> <span class='ocrx_word' id='word_1_88' title='bbox 600 1088 636 1122; x_wconf 63' lang='lat' dir='ltr'>Se</span> <span class='ocrx_word' id='word_1_89' title='bbox 651 1092 736 1129; x_wconf 77' lang='grc' dir='ltr'><strong><em>νοεῖ,</em></strong></span> <span class='ocrx_word' id='word_1_90' title='bbox 764 1087 863 1130; x_wconf 75' lang='grc' dir='ltr'>οῧλος</span> <span class='ocrx_word' id='word_1_91' title='bbox 878 1089 915 1125; x_wconf 75' lang='grc' dir='ltr'>δὲ</span> <span class='ocrx_word' id='word_1_92' title='bbox 930 1088 1095 1127; x_wconf 75' lang='grc' dir='ltr'>τ’ἶικοῦει,</span> <span class='ocrx_word' id='word_1_93' title='bbox 1152 1093 1206 1124; x_wconf 68' lang='grc' dir='ltr'>Οίὶ</span> 
     </span>
     <span class='ocr_line' id='line_1_16' title="bbox 95 1142 1207 1185; baseline 0 -11"><span class='ocrx_word' id='word_1_94' title='bbox 95 1143 358 1174; x_wconf 86' lang='lat' dir='ltr'>Tennemann</span> <span class='ocrx_word' id='word_1_95' title='bbox 383 1143 443 1174; x_wconf 82' lang='lat'>1.1.</span> <span class='ocrx_word' id='word_1_96' title='bbox 469 1142 509 1173; x_wconf 84' lang='lat' dir='ltr'>T.</span> <span class='ocrx_word' id='word_1_97' title='bbox 524 1143 553 1174; x_wconf 89' lang='lat'>1.</span> <span class='ocrx_word' id='word_1_98' title='bbox 575 1154 609 1182; x_wconf 88' lang='lat' dir='ltr'>p.</span> <span class='ocrx_word' id='word_1_99' title='bbox 631 1144 707 1185; x_wconf 41' lang='grc' dir='ltr'>168.μ</span> <span class='ocrx_word' id='word_1_100' title='bbox 724 1143 861 1175; x_wconf 76' lang='lat' dir='ltr'>Constat</span> <span class='ocrx_word' id='word_1_101' title='bbox 885 1145 1014 1184; x_wconf 87' lang='lat' dir='ltr'>quidem</span> <span class='ocrx_word' id='word_1_102' title='bbox 1033 1167 1043 1183; x_wconf 93' lang='lat'>,</span> <span class='ocrx_word' id='word_1_103' title='bbox 1069 1148 1207 1176; x_wconf 69' lang='lat' dir='ltr'>Anax-</span> 
     </span>
     <span class='ocr_line' id='line_1_17' title="bbox 61 1193 1208 1244; baseline 0.001 -13"><span class='ocrx_word' id='word_1_104' title='bbox 61 1202 65 1207; x_wconf 85' lang='lat'>&#39;</span> <span class='ocrx_word' id='word_1_105' title='bbox 94 1212 256 1242; x_wconf 75' lang='lat' dir='ltr'>agor-am</span> <span class='ocrx_word' id='word_1_106' title='bbox 288 1207 425 1232; x_wconf 72' lang='lat' dir='ltr'>mentem</span> <span class='ocrx_word' id='word_1_107' title='bbox 460 1201 552 1230; x_wconf 82' lang='lat' dir='ltr'>istam</span> <span class='ocrx_word' id='word_1_108' title='bbox 583 1200 726 1238; x_wconf 74' lang='lat' dir='ltr'>posuisse</span> <span class='ocrx_word' id='word_1_109' title='bbox 746 1205 836 1230; x_wconf 76' lang='lat' dir='ltr'>extra</span> <span class='ocrx_word' id='word_1_110' title='bbox 862 1200 1094 1244; x_wconf 65' lang='grc' dir='ltr'>ὅμοιομέριας,</span> <span class='ocrx_word' id='word_1_111' title='bbox 1115 1193 1208 1243; x_wconf 69' lang='lat' dir='ltr'>quoti.</span> 
     </span>
     <span class='ocr_line' id='line_1_18' title="bbox 94 1253 1206 1294; baseline 0.002 -10"><span class='ocrx_word' id='word_1_112' title='bbox 94 1266 153 1294; x_wconf 84' lang='lat' dir='ltr'>per</span> <span class='ocrx_word' id='word_1_113' title='bbox 184 1256 361 1294; x_wconf 76' lang='lat' dir='ltr'>systematis</span> <span class='ocrx_word' id='word_1_114' title='bbox 396 1255 445 1283; x_wconf 90' lang='lat' dir='ltr'>sui</span> <span class='ocrx_word' id='word_1_115' title='bbox 478 1253 633 1283; x_wconf 83' lang='lat' dir='ltr'>rationem</span> <span class='ocrx_word' id='word_1_116' title='bbox 660 1264 724 1285; x_wconf 88' lang='lat' dir='ltr'>non</span> <span class='ocrx_word' id='word_1_117' title='bbox 752 1258 881 1293; x_wconf 79' lang='lat' dir='ltr'>poterat</span> <span class='ocrx_word' id='word_1_118' title='bbox 900 1266 964 1286; x_wconf 90' lang='lat' dir='ltr'>non</span> <span class='ocrx_word' id='word_1_119' title='bbox 985 1256 1114 1287; x_wconf 81' lang='lat' dir='ltr'>facere:</span> <span class='ocrx_word' id='word_1_120' title='bbox 1149 1254 1206 1286; x_wconf 85' lang='lat' dir='ltr'>sed.</span> 
     </span>
     <span class='ocr_line' id='line_1_19' title="bbox 95 1307 1208 1349; baseline 0.002 -11"><span class='ocrx_word' id='word_1_121' title='bbox 95 1318 160 1338; x_wconf 85' lang='lat' dir='ltr'>non</span> <span class='ocrx_word' id='word_1_122' title='bbox 180 1312 319 1344; x_wconf 83' lang='lat' dir='ltr'>constat,</span> <span class='ocrx_word' id='word_1_123' title='bbox 345 1309 410 1336; x_wconf 90' lang='lat' dir='ltr'>imo</span> <span class='ocrx_word' id='word_1_124' title='bbox 431 1307 644 1346; x_wconf 80' lang='lat' dir='ltr'>improbabile</span> <span class='ocrx_word' id='word_1_125' title='bbox 665 1311 732 1344; x_wconf 80' lang='lat' dir='ltr'>est,</span> <span class='ocrx_word' id='word_1_126' title='bbox 755 1318 822 1338; x_wconf 85' lang='lat' dir='ltr'>eam</span> <span class='ocrx_word' id='word_1_127' title='bbox 843 1309 881 1337; x_wconf 86' lang='lat' dir='ltr'>ab</span> <span class='ocrx_word' id='word_1_128' title='bbox 908 1310 994 1339; x_wconf 90' lang='lat' dir='ltr'>omni</span> <span class='ocrx_word' id='word_1_129' title='bbox 1006 1310 1138 1340; x_wconf 87' lang='lat' dir='ltr'>materia</span> <span class='ocrx_word' id='word_1_130' title='bbox 1151 1310 1208 1349; x_wconf 56' lang='lat' dir='ltr'>ipa</span> 
     </span>
     <span class='ocr_line' id='line_1_20' title="bbox 96 1359 1204 1401; baseline 0.001 -10"><span class='ocrx_word' id='word_1_131' title='bbox 96 1372 166 1391; x_wconf 85' lang='lat' dir='ltr'>sum</span> <span class='ocrx_word' id='word_1_132' title='bbox 186 1360 368 1401; x_wconf 81' lang='lat' dir='ltr'>sejunxisse.</span> <span class='ocrx_word' id='word_1_133' title='bbox 413 1359 646 1398; x_wconf 80' lang='lat' dir='ltr'>Praecipuum,</span> <span class='ocrx_word' id='word_1_134' title='bbox 684 1359 771 1399; x_wconf 86' lang='lat' dir='ltr'>quod</span> <span class='ocrx_word' id='word_1_135' title='bbox 802 1360 902 1390; x_wconf 90' lang='lat' dir='ltr'>menti</span> <span class='ocrx_word' id='word_1_136' title='bbox 935 1361 986 1390; x_wconf 89' lang='lat' dir='ltr'>illi</span> <span class='ocrx_word' id='word_1_137' title='bbox 1015 1363 1204 1400; x_wconf 75' lang='lat' dir='ltr'>tribuebat3</span> 
     </span>
     <span class='ocr_line' id='line_1_21' title="bbox 97 1412 1207 1453; baseline 0.003 -10"><span class='ocrx_word' id='word_1_138' title='bbox 97 1413 217 1451; x_wconf 82' lang='lat' dir='ltr'>estid,</span> <span class='ocrx_word' id='word_1_139' title='bbox 249 1413 336 1453; x_wconf 86' lang='lat' dir='ltr'>quod</span> <span class='ocrx_word' id='word_1_140' title='bbox 362 1418 514 1443; x_wconf 70' lang='lat' dir='ltr'>secernat</span> <span class='ocrx_word' id='word_1_141' title='bbox 534 1412 661 1442; x_wconf 81' lang='lat' dir='ltr'>omnia:</span> <span class='ocrx_word' id='word_1_142' title='bbox 694 1413 768 1452; x_wconf 80' lang='lat' dir='ltr'>quia</span> <span class='ocrx_word' id='word_1_143' title='bbox 797 1417 902 1444; x_wconf 88' lang='lat' dir='ltr'>autem</span> <span class='ocrx_word' id='word_1_144' title='bbox 931 1416 1089 1453; x_wconf 84' lang='lat' dir='ltr'>secernit,</span> <span class='ocrx_word' id='word_1_145' title='bbox 1120 1420 1152 1446; x_wconf 90' lang='lat' dir='ltr'>et</span> <span class='ocrx_word' id='word_1_146' title='bbox 1171 1413 1207 1446; x_wconf 79' lang='lat' dir='ltr'>id</span> 
     </span>
     <span class='ocr_line' id='line_1_22' title="bbox 96 1464 1206 1506; baseline 0.003 -10"><span class='ocrx_word' id='word_1_147' title='bbox 96 1477 168 1496; x_wconf 78' lang='lat' dir='ltr'>cum</span> <span class='ocrx_word' id='word_1_148' title='bbox 188 1465 402 1502; x_wconf 71' lang='lat' dir='ltr'>conscientia,</span> <span class='ocrx_word' id='word_1_149' title='bbox 432 1475 491 1494; x_wconf 81' lang='lat' dir='ltr'>nec</span> <span class='ocrx_word' id='word_1_150' title='bbox 512 1464 639 1494; x_wconf 77' lang='lat' dir='ltr'>aliunde</span> <span class='ocrx_word' id='word_1_151' title='bbox 662 1465 796 1495; x_wconf 82' lang='lat' dir='ltr'>excitata</span> <span class='ocrx_word' id='word_1_152' title='bbox 812 1487 822 1503; x_wconf 87' lang='lat'>,</span> <span class='ocrx_word' id='word_1_153' title='bbox 859 1467 944 1506; x_wconf 78' lang='lat' dir='ltr'>agit,</span> <span class='ocrx_word' id='word_1_154' title='bbox 980 1467 1054 1498; x_wconf 74' lang='lat' dir='ltr'>ideo</span> <span class='ocrx_word' id='word_1_155' title='bbox 1080 1470 1206 1499; x_wconf 75' lang='lat' dir='ltr'>causam</span> 
     </span>
     <span class='ocr_line' id='line_1_23' title="bbox 95 1522 1207 1565; baseline 0.004 -15"><span class='ocrx_word' id='word_1_156' title='bbox 95 1528 237 1564; x_wconf 78' lang='lat' dir='ltr'>agentem</span> <span class='ocrx_word' id='word_1_157' title='bbox 257 1523 330 1556; x_wconf 72' lang='grc' dir='ltr'>νοῦν</span> <span class='ocrx_word' id='word_1_158' title='bbox 353 1522 453 1552; x_wconf 79' lang='lat' dir='ltr'>dixit:</span> <span class='ocrx_word' id='word_1_159' title='bbox 476 1532 548 1552; x_wconf 85' lang='lat' dir='ltr'>nam</span> <span class='ocrx_word' id='word_1_160' title='bbox 569 1526 706 1552; x_wconf 87' lang='lat' dir='ltr'>mentem</span> <span class='ocrx_word' id='word_1_161' title='bbox 725 1522 858 1553; x_wconf 81' lang='lat' dir='ltr'>videbat</span> <span class='ocrx_word' id='word_1_162' title='bbox 879 1524 977 1553; x_wconf 83' lang='lat' dir='ltr'>solam</span> <span class='ocrx_word' id='word_1_163' title='bbox 999 1535 1068 1555; x_wconf 82' lang='lat' dir='ltr'>esse</span> <span class='ocrx_word' id='word_1_164' title='bbox 1084 1546 1094 1563; x_wconf 81' lang='lat'>,</span> <span class='ocrx_word' id='word_1_165' title='bbox 1125 1527 1207 1565; x_wconf 77' lang='lat' dir='ltr'>quae</span> 
     </span>
     <span class='ocr_line' id='line_1_24' title="bbox 94 1578 1208 1622; baseline -0.001 -10"><span class='ocrx_word' id='word_1_166' title='bbox 94 1593 128 1612; x_wconf 80' lang='lat' dir='ltr'>se</span> <span class='ocrx_word' id='word_1_167' title='bbox 147 1583 216 1621; x_wconf 84' lang='lat' dir='ltr'>ipsa</span> <span class='ocrx_word' id='word_1_168' title='bbox 236 1580 449 1617; x_wconf 79' lang='lat' dir='ltr'>determinet,</span> <span class='ocrx_word' id='word_1_169' title='bbox 486 1580 587 1620; x_wconf 88' lang='lat' dir='ltr'>(quod</span> <span class='ocrx_word' id='word_1_170' title='bbox 620 1578 832 1622; x_wconf 76' lang='grc' dir='ltr'><em>ἀυτοκροιτές</em></span> <span class='ocrx_word' id='word_1_171' title='bbox 853 1581 992 1620; x_wconf 78' lang='lat' dir='ltr'>dicebat)</span> <span class='ocrx_word' id='word_1_172' title='bbox 1009 1603 1018 1618; x_wconf 90' lang='lat'>‚</span> <span class='ocrx_word' id='word_1_173' title='bbox 1050 1586 1082 1611; x_wconf 79' lang='lat' dir='ltr'>et</span> <span class='ocrx_word' id='word_1_174' title='bbox 1102 1582 1208 1612; x_wconf 58' lang='lat' dir='ltr'>omnin</span> 
     </span>
     <span class='ocr_line' id='line_1_25' title="bbox 95 1633 1207 1676; baseline -0.001 -10"><span class='ocrx_word' id='word_1_175' title='bbox 95 1637 247 1676; x_wconf 75' lang='lat' dir='ltr'>sejungat.</span> <span class='ocrx_word' id='word_1_176' title='bbox 287 1633 390 1663; x_wconf 79' lang='lat' dir='ltr'>Menti</span> <span class='ocrx_word' id='word_1_177' title='bbox 421 1636 526 1663; x_wconf 77' lang='lat' dir='ltr'>autem</span> <span class='ocrx_word' id='word_1_178' title='bbox 553 1643 604 1662; x_wconf 81' lang='lat' dir='ltr'>eas</span> <span class='ocrx_word' id='word_1_179' title='bbox 626 1638 750 1663; x_wconf 81' lang='lat' dir='ltr'>tantum</span> <span class='ocrx_word' id='word_1_180' title='bbox 771 1635 886 1665; x_wconf 87' lang='lat' dir='ltr'>tribuit</span> <span class='ocrx_word' id='word_1_181' title='bbox 905 1638 1013 1674; x_wconf 78' lang='lat' dir='ltr'>partes</span> <span class='ocrx_word' id='word_1_182' title='bbox 1034 1635 1068 1664; x_wconf 91' lang='lat' dir='ltr'>in</span> <span class='ocrx_word' id='word_1_183' title='bbox 1088 1636 1207 1666; x_wconf 76' lang='lat' dir='ltr'>mundo</span> 
     </span>
     <span class='ocr_line' id='line_1_26' title="bbox 94 1687 1205 1727; baseline 0 -9"><span class='ocrx_word' id='word_1_184' title='bbox 94 1687 282 1724; x_wconf 83' lang='lat' dir='ltr'>formando,</span> <span class='ocrx_word' id='word_1_185' title='bbox 317 1691 352 1716; x_wconf 88' lang='lat' dir='ltr'>ul:</span> <span class='ocrx_word' id='word_1_186' title='bbox 380 1697 430 1716; x_wconf 84' lang='lat' dir='ltr'>res</span> <span class='ocrx_word' id='word_1_187' title='bbox 463 1697 590 1717; x_wconf 85' lang='lat' dir='ltr'>movere</span> <span class='ocrx_word' id='word_1_188' title='bbox 612 1687 763 1725; x_wconf 70' lang='lat' dir='ltr'>incipiat:</span> <span class='ocrx_word' id='word_1_189' title='bbox 802 1691 892 1718; x_wconf 80' lang='lat' dir='ltr'>motu</span> <span class='ocrx_word' id='word_1_190' title='bbox 914 1688 1053 1727; x_wconf 87' lang='lat' dir='ltr'>primum</span> <span class='ocrx_word' id='word_1_191' title='bbox 1073 1688 1178 1719; x_wconf 86' lang='lat' dir='ltr'>indito</span> <span class='ocrx_word' id='word_1_192' title='bbox 1194 1710 1205 1726; x_wconf 84' lang='lat'>,</span> 
     </span>
     <span class='ocr_line' id='line_1_27' title="bbox 96 1731 1210 1780; baseline 0.001 -9"><span class='ocrx_word' id='word_1_193' title='bbox 96 1741 200 1771; x_wconf 86' lang='lat' dir='ltr'>omnia</span> <span class='ocrx_word' id='word_1_194' title='bbox 220 1741 254 1769; x_wconf 88' lang='lat' dir='ltr'>in</span> <span class='ocrx_word' id='word_1_195' title='bbox 275 1750 385 1780; x_wconf 81' lang='lat' dir='ltr'>gyrum</span> <span class='ocrx_word' id='word_1_196' title='bbox 407 1744 561 1779; x_wconf 84' lang='lat' dir='ltr'>aguntur,</span> <span class='ocrx_word' id='word_1_197' title='bbox 587 1744 617 1769; x_wconf 91' lang='lat' dir='ltr'>et</span> <span class='ocrx_word' id='word_1_198' title='bbox 638 1740 757 1779; x_wconf 84' lang='lat' dir='ltr'>singula</span> <span class='ocrx_word' id='word_1_199' title='bbox 778 1749 838 1779; x_wconf 83' lang='lat' dir='ltr'>pro</span> <span class='ocrx_word' id='word_1_200' title='bbox 850 1745 963 1771; x_wconf 81' lang='lat' dir='ltr'>natura</span> <span class='ocrx_word' id='word_1_201' title='bbox 979 1741 1033 1772; x_wconf 77' lang='lat' dir='ltr'>sua</span> <span class='ocrx_word' id='word_1_202' title='bbox 1047 1731 1210 1780; x_wconf 68' lang='lat' dir='ltr'>repellunt</span> 
     </span>
     <span class='ocr_line' id='line_1_28' title="bbox 96 1794 1206 1834; baseline -0.001 -9"><span class='ocrx_word' id='word_1_203' title='bbox 96 1805 129 1825; x_wconf 87' lang='lat' dir='ltr'>se</span> <span class='ocrx_word' id='word_1_204' title='bbox 174 1798 228 1823; x_wconf 89' lang='lat' dir='ltr'>aut</span> <span class='ocrx_word' id='word_1_205' title='bbox 253 1795 478 1833; x_wconf 64' lang='lat' dir='ltr'>,conjungunh</span> <span class='ocrx_word' id='word_1_206' title='bbox 541 1794 807 1833; x_wconf 81' lang='lat' dir='ltr'>Anaxagoras</span> <span class='ocrx_word' id='word_1_207' title='bbox 841 1798 961 1824; x_wconf 80' lang='lat' dir='ltr'>tautum</span> <span class='ocrx_word' id='word_1_208' title='bbox 1006 1795 1206 1834; x_wconf 81' lang='lat' dir='ltr'>quaerebat,</span> 
     </span>
     <span class='ocr_line' id='line_1_29' title="bbox 95 1846 1211 1888; baseline -0.002 -9"><span class='ocrx_word' id='word_1_209' title='bbox 95 1858 160 1879; x_wconf 86' lang='lat' dir='ltr'>non</span> <span class='ocrx_word' id='word_1_210' title='bbox 180 1858 269 1878; x_wconf 88' lang='lat' dir='ltr'>secus</span> <span class='ocrx_word' id='word_1_211' title='bbox 293 1858 329 1877; x_wconf 85' lang='lat' dir='ltr'>ac</span> <span class='ocrx_word' id='word_1_212' title='bbox 351 1846 493 1886; x_wconf 85' lang='lat' dir='ltr'>reliqui,</span> <span class='ocrx_word' id='word_1_213' title='bbox 516 1848 582 1877; x_wconf 71' lang='lat' dir='ltr'>vim</span> <span class='ocrx_word' id='word_1_214' title='bbox 603 1847 759 1887; x_wconf 83' lang='lat' dir='ltr'>quandam</span> <span class='ocrx_word' id='word_1_215' title='bbox 775 1848 950 1888; x_wconf 77' lang='lat' dir='ltr'>physicam</span> <span class='ocrx_word' id='word_1_216' title='bbox 970 1869 979 1884; x_wconf 88' lang='lat'>‚</span> <span class='ocrx_word' id='word_1_217' title='bbox 1009 1858 1047 1877; x_wconf 80' lang='lat' dir='ltr'>ex</span> <span class='ocrx_word' id='word_1_218' title='bbox 1068 1857 1129 1887; x_wconf 86' lang='lat' dir='ltr'>qua</span> <span class='ocrx_word' id='word_1_219' title='bbox 1153 1856 1211 1877; x_wconf 59' lang='lat' dir='ltr'>red</span> 
     </span>
     <span class='ocr_line' id='line_1_30' title="bbox 96 1900 1211 1942; baseline 0.001 -12"><span class='ocrx_word' id='word_1_220' title='bbox 96 1902 206 1942; x_wconf 78' lang='lat' dir='ltr'>liqna,</span> <span class='ocrx_word' id='word_1_221' title='bbox 229 1911 309 1940; x_wconf 85' lang='lat' dir='ltr'>quae</span> <span class='ocrx_word' id='word_1_222' title='bbox 330 1900 363 1929; x_wconf 90' lang='lat' dir='ltr'>in</span> <span class='ocrx_word' id='word_1_223' title='bbox 384 1910 489 1929; x_wconf 88' lang='lat' dir='ltr'>rerum</span> <span class='ocrx_word' id='word_1_224' title='bbox 509 1904 621 1929; x_wconf 83' lang='lat' dir='ltr'>natura</span> <span class='ocrx_word' id='word_1_225' title='bbox 642 1904 714 1929; x_wconf 86' lang='lat' dir='ltr'>sunt</span> <span class='ocrx_word' id='word_1_226' title='bbox 728 1921 737 1937; x_wconf 93' lang='lat'>,</span> <span class='ocrx_word' id='word_1_227' title='bbox 761 1900 948 1938; x_wconf 77' lang='lat' dir='ltr'>explicaret.</span> <span class='ocrx_word' id='word_1_228' title='bbox 971 1900 1080 1939; x_wconf 85' lang='lat' dir='ltr'>Ipsum</span> <span class='ocrx_word' id='word_1_229' title='bbox 1106 1905 1211 1931; x_wconf 78' lang='lat' dir='ltr'>autem</span> 
     </span>
     <span class='ocr_line' id='line_1_31' title="bbox 97 1951 1208 1992; baseline -0.001 -9"><span class='ocrx_word' id='word_1_230' title='bbox 97 1955 226 1986; x_wconf 86' lang='lat' dir='ltr'>minime</span> <span class='ocrx_word' id='word_1_231' title='bbox 259 1951 453 1983; x_wconf 79' lang='lat' dir='ltr'>intellexisse</span> <span class='ocrx_word' id='word_1_232' title='bbox 486 1953 572 1982; x_wconf 75' lang='lat' dir='ltr'>entis</span> <span class='ocrx_word' id='word_1_233' title='bbox 592 1953 775 1982; x_wconf 71' lang='lat' dir='ltr'>rationalis</span> <span class='ocrx_word' id='word_1_234' title='bbox 794 1957 940 1983; x_wconf 82' lang='lat' dir='ltr'>naturam</span> <span class='ocrx_word' id='word_1_235' title='bbox 956 1974 964 1989; x_wconf 89' lang='lat'>,</span> <span class='ocrx_word' id='word_1_236' title='bbox 1000 1954 1074 1982; x_wconf 88' lang='lat' dir='ltr'>inde</span> <span class='ocrx_word' id='word_1_237' title='bbox 1095 1958 1208 1992; x_wconf 70' lang='lat' dir='ltr'>patet3</span> 
     </span>
     <span class='ocr_line' id='line_1_32' title="bbox 98 2004 1212 2048; baseline -0.004 -12"><span class='ocrx_word' id='word_1_238' title='bbox 98 2006 185 2048; x_wconf 86' lang='lat' dir='ltr'>quod</span> <span class='ocrx_word' id='word_1_239' title='bbox 214 2005 372 2036; x_wconf 86' lang='lat' dir='ltr'>hominem</span> <span class='ocrx_word' id='word_1_240' title='bbox 401 2014 439 2035; x_wconf 90' lang='lat' dir='ltr'>eo</span> <span class='ocrx_word' id='word_1_241' title='bbox 469 2008 589 2034; x_wconf 81' lang='lat' dir='ltr'>tantum</span> <span class='ocrx_word' id='word_1_242' title='bbox 618 2004 754 2044; x_wconf 86' lang='lat' dir='ltr'>reliquis</span> <span class='ocrx_word' id='word_1_243' title='bbox 786 2005 974 2035; x_wconf 76' lang='lat' dir='ltr'>animalibus</span> <span class='ocrx_word' id='word_1_244' title='bbox 996 2006 1212 2043; x_wconf 74' lang='lat' dir='ltr'>praestantio-</span> 
     </span>
     <span class='ocr_line' id='line_1_33' title="bbox 99 2056 1213 2098; baseline -0.004 -7"><span class='ocrx_word' id='word_1_245' title='bbox 99 2072 166 2091; x_wconf 86' lang='lat' dir='ltr'>rem</span> <span class='ocrx_word' id='word_1_246' title='bbox 199 2069 265 2090; x_wconf 86' lang='lat' dir='ltr'>esse</span> <span class='ocrx_word' id='word_1_247' title='bbox 297 2059 382 2088; x_wconf 81' lang='lat' dir='ltr'>dicat</span> <span class='ocrx_word' id='word_1_248' title='bbox 398 2079 407 2095; x_wconf 89' lang='lat'>,</span> <span class='ocrx_word' id='word_1_249' title='bbox 443 2057 529 2098; x_wconf 86' lang='lat' dir='ltr'>quod</span> <span class='ocrx_word' id='word_1_250' title='bbox 549 2057 695 2086; x_wconf 83' lang='lat' dir='ltr'>manibus</span> <span class='ocrx_word' id='word_1_251' title='bbox 717 2056 770 2086; x_wconf 85' lang='lat' dir='ltr'>hic</span> <span class='ocrx_word' id='word_1_252' title='bbox 790 2057 954 2095; x_wconf 81' lang='lat' dir='ltr'>praeditus</span> <span class='ocrx_word' id='word_1_253' title='bbox 976 2058 1030 2088; x_wconf 78' lang='lat' dir='ltr'>sit.</span> <span class='ocrx_word' id='word_1_254' title='bbox 1077 2060 1213 2087; x_wconf 62' lang='lat' dir='ltr'>Anax-3</span> 
     </span>
     <span class='ocr_line' id='line_1_34' title="bbox 100 2109 1214 2153; baseline -0.003 -11"><span class='ocrx_word' id='word_1_255' title='bbox 100 2122 261 2153; x_wconf 71' lang='lat' dir='ltr'>agon-am</span> <span class='ocrx_word' id='word_1_256' title='bbox 295 2110 432 2150; x_wconf 86' lang='lat' dir='ltr'>denique</span> <span class='ocrx_word' id='word_1_257' title='bbox 465 2120 529 2139; x_wconf 88' lang='lat' dir='ltr'>nou</span> <span class='ocrx_word' id='word_1_258' title='bbox 564 2109 723 2140; x_wconf 84' lang='lat' dir='ltr'>diversum</span> <span class='ocrx_word' id='word_1_259' title='bbox 745 2120 811 2139; x_wconf 83' lang='lat' dir='ltr'>esse</span> <span class='ocrx_word' id='word_1_260' title='bbox 831 2109 863 2138; x_wconf 91' lang='lat' dir='ltr'>in</span> <span class='ocrx_word' id='word_1_261' title='bbox 885 2109 1134 2148; x_wconf 82' lang='lat' dir='ltr'>philosophandi</span> <span class='ocrx_word' id='word_1_262' title='bbox 1157 2121 1214 2140; x_wconf 84' lang='lat' dir='ltr'>ra-</span> 
     </span>
     <span class='ocr_line' id='line_1_35' title="bbox 100 2162 1211 2204; baseline -0.004 -9"><span class='ocrx_word' id='word_1_263' title='bbox 100 2166 186 2195; x_wconf 85' lang='lat' dir='ltr'>tione</span> <span class='ocrx_word' id='word_1_264' title='bbox 219 2175 236 2194; x_wconf 84' lang='lat' dir='ltr'>a</span> <span class='ocrx_word' id='word_1_265' title='bbox 272 2163 404 2204; x_wconf 84' lang='lat' dir='ltr'>reliquis</span> <span class='ocrx_word' id='word_1_266' title='bbox 437 2163 612 2202; x_wconf 67' lang='lat' dir='ltr'>Physicis,</span> <span class='ocrx_word' id='word_1_267' title='bbox 660 2166 747 2201; x_wconf 76' lang='lat' dir='ltr'>patet</span> <span class='ocrx_word' id='word_1_268' title='bbox 779 2173 796 2191; x_wconf 89' lang='lat' dir='ltr'>e</span> <span class='ocrx_word' id='word_1_269' title='bbox 819 2162 947 2201; x_wconf 81' lang='lat' dir='ltr'>placitis</span> <span class='ocrx_word' id='word_1_270' title='bbox 981 2164 1006 2192; x_wconf 87' lang='lat' dir='ltr'>A</span> <span class='ocrx_word' id='word_1_271' title='bbox 1020 2162 1090 2193; x_wconf 86' lang='lat' dir='ltr'>rch</span> <span class='ocrx_word' id='word_1_272' title='bbox 1104 2163 1183 2192; x_wconf 82' lang='lat' dir='ltr'>elai</span> <span class='ocrx_word' id='word_1_273' title='bbox 1201 2178 1211 2200; x_wconf 44' lang='grc' dir='ltr'><strong><em>ὁ</em></strong></span> 
     </span>
     <span class='ocr_line' id='line_1_36' title="bbox 100 2214 1214 2259; baseline -0.001 -12"><span class='ocrx_word' id='word_1_274' title='bbox 100 2220 168 2259; x_wconf 79' lang='lat' dir='ltr'>ejus</span> <span class='ocrx_word' id='word_1_275' title='bbox 192 2217 365 2258; x_wconf 83' lang='lat' dir='ltr'>discipuli,</span> <span class='ocrx_word' id='word_1_276' title='bbox 397 2218 452 2257; x_wconf 86' lang='lat' dir='ltr'>qui</span> <span class='ocrx_word' id='word_1_277' title='bbox 473 2214 667 2256; x_wconf 83' lang='lat' dir='ltr'>principium</span> <span class='ocrx_word' id='word_1_278' title='bbox 702 2224 831 2247; x_wconf 78' lang='lat' dir='ltr'>movens</span> <span class='ocrx_word' id='word_1_279' title='bbox 866 2217 982 2246; x_wconf 69' lang='lat' dir='ltr'>mentia</span> <span class='ocrx_word' id='word_1_280' title='bbox 1011 2217 1138 2247; x_wconf 87' lang='lat' dir='ltr'>nomine</span> <span class='ocrx_word' id='word_1_281' title='bbox 1159 2220 1214 2246; x_wconf 63' lang='lat' dir='ltr'>ini·</span> 
     </span>
    </p>

    <p class='ocr_par' dir='ltr' id='par_1_6' title="bbox 238 2262 1216 2310">
     <span class='ocr_line' id='line_1_37' title="bbox 238 2262 1216 2310; baseline -0.001 -11"><span class='ocrx_word' id='word_1_282' title='bbox 238 2262 242 2264; x_wconf 13' lang='lat' dir='ltr'>i</span> <span class='ocrx_word' id='word_1_283' title='bbox 1150 2271 1216 2310; x_wconf 71' lang='lat' dir='ltr'>sig-3</span> 
     </span>
    </p>

    <p class='ocr_par' dir='ltr' id='par_1_7' title="bbox 154 2329 672 2369">
     <span class='ocr_line' id='line_1_38' title="bbox 154 2329 672 2369; baseline -0.006 -1"><span class='ocrx_word' id='word_1_284' title='bbox 154 2342 285 2369; x_wconf 80' lang='lat' dir='ltr'><strong>GRAT.</strong></span> <span class='ocrx_word' id='word_1_285' title='bbox 645 2329 672 2365; x_wconf 78' lang='lat' dir='ltr'>B</span> 
     </span>
    </p>
   </div>
  </div>
 </body>
</html>
