1487 2625
518 158 885 198 MEDICA..
1214 165 1261 209 87

145 277 372 324 quantitate,
399 278 574 321 carbonis
608 291 681 327 ope
711 290 808 328 1‚30
835 280 938 328 grani
966 288 1087 329 partes
1115 284 1252 320 metalli

142 348 315 386 reducere
343 348 466 395 potui.

194 416 261 456 Or
275 417 379 456 fila
401 419 446 457 ad
463 419 600 457 metalli
622 419 894 457 restitutionem
917 422 1150 460 commendat
1176 434 1260 461 car-

139 486 250 529 bonis
278 496 314 526 et
340 489 514 527 Potassae
540 490 732 527 volumina
773 491 899 538 oxydo
927 491 1100 530 Arsenici
1122 503 1257 540 aequa·

138 555 185 602 lia
210 557 300 608 (1).
368 559 466 597 Cum
491 559 651 597 carbone
684 571 772 597 vero
803 561 876 598 olei
908 561 1090 600 tantillum
1118 562 1257 601 indicat

138 627 255 666 Doct.
285 627 313 665 B
329 629 513 667 ostock
537 630 606 679 (2)
623 658 636 676 ,
668 629 806 677 quibus
829 639 951 668 tamen
985 633 1170 672 methodis
1196 633 1258 675 illa

135 698 264 735 cedere
290 709 367 736 non
394 699 564 746 videtur,
595 711 703 747 quam
727 700 906 747 exhibui,
929 713 1099 750 quaeque
1123 714 1145 741 a
1169 704 1257 752 plu-

137 767 240 804 rimis
266 768 431 805 adhiberi
457 771 568 808 solet.

182 838 397 884 Accurate‚
437 847 617 885 quantum
645 839 784 888 potui,
819 840 989 889 exposita
1027 841 1114 890 via,
1146 843 1252 894 juxta

135 918 246 955 quam
273 909 415 947 acidum
446 910 492 946 ad
526 910 712 947 metallum
742 910 884 958 optime
907 912 1126 960 reducitur,
1153 913 1255 950 vide-

134 976 259 1015 bimus
287 989 464 1025 quaenam
486 979 696 1026 requiratur
720 979 821 1018 illius
850 981 987 1029 copia,
1015 983 1060 1019 ad
1092 981 1254 1020 excitan-

130 1047 211 1084 d'am
245 1056 405 1085 crustam
429 1048 520 1086 satis
557 1049 818 1096 perspicuam,
848 1058 884 1087 et
918 1061 1095 1097 quaenam
1118 1052 1250 1090 deinde

129 1115 206 1153 sint
243 1116 376 1165 signa,
419 1116 557 1165 quibus
597 1117 684 1155 haec
722 1117 769 1155 ab
810 1119 985 1156 omnibus
1018 1120 1100 1158 aliis
1135 1121 1249 1158 simili

131 1183 209 1221 fere
234 1185 376 1223 ratione
407 1187 603 1234 productis
637 1188 810 1236 dignosci
841 1189 994 1236 possit,
1035 1198 1076 1227 ut
1098 1190 1246 1229 taudem

128 1254 419 1293 efficacissimum
444 1257 537 1293 hauc
562 1257 777 1294 methodum
809 1258 986 1306 praebere
1013 1260 1145 1297 veneni
1173 1260 1248 1308 sig·

129 1336 241 1373 num,
268 1325 355 1364 inde
380 1335 572 1373 sequatur.

179 1395 503 1435 Hahnemann
538 1408 610 1434 suo
638 1405 806 1444 tempore
843 1397 969 1435 retulit
993 1399 1107 1446 oxydi
1135 1410 1244 1447 grana

127 1467 255 1503 8—10
282 1465 447 1513 requiri,
477 1475 517 1504 ut
543 1467 666 1504 debita
690 1467 835 1504 ratione
861 1467 1080 1507 instituatur
1100 1471 1245 1518 experi-

126 1543 291 1572 mentum
327 1545 567 1573 memoratum
604 1536 690 1586 (3).
756 1536 920 1575 Black
965 1547 1087 1576 autem
1131 1551 1244 1579 unum

122 1605 196 1654 iarn
230 1605 343 1652 oxydi
365 1616 516 1653 granum
553 1607 619 1643 hac
655 1606 798 1643 ratione
835 1607 973 1656 detegit
1008 1611 1104 1658 (4),
1133 1618 1245 1656 atque-

127 1677 170 1725 1¹3
186 1703 199 1723 ,
228 1675 304 1713 imo
329 1679 393 1725 33--5
418 1687 570 1725 granum
608 1690 647 1715 se
679 1678 866 1717 invenisse
892 1689 1047 1719 testatur
1068 1683 1101 1721 C
1118 1683 1246 1721 hris-

125 1746 271 1784 tison
306 1748 404 1796 (5),
425 1759 507 1786 cum
549 1748 830 1787 Berzelius
860 1751 1039 1789 -z-orani
1073 1735 1241 1800 partem,

863 1781 920 1802 190
937 1780 958 1800 δ

162 1867 217 1904 (ι)
238 1866 262 1896 1.
283 1876 313 1898 c.
333 1876 366 1905 p.
388 1866 460 1896 363.
1201 1833 1244 1861 Ut

159 1921 216 1959 (π)
239 1919 327 1951 Ibid.
347 1930 381 1958 p-
402 1920 475 1950 564.

162 1972 211 2014 (5)
235 1972 259 2003 1.
282 1983 311 2003 c·
331 1983 364 2012 p.
385 1973 458 2003 225.
480 1975 513 2014 §.
535 1972 608 2012 595.

159 2023 226 2068 (4)
238 2027 395 2058 Lections
425 2037 468 2057 on
508 2026 690 2067 Clzimistry
705 2048 715 2064 ‚
751 2028 799 2059 11.
827 2027 901 2059 430.
935 2030 988 2060 Cf.
1019 2032 1043 2060 C
1061 2031 1079 2060 h
1095 2042 1110 2060 r
1125 2032 1162 2061 is
1177 2036 1188 2062 t
1201 2033 1240 2063 i-2v

121 2091 225 2120 son,
247 2081 271 2111 l.
296 2081 321 2111 l.
341 2091 375 2120 p.
397 2081 469 2112 248.

139 2121 142 2124 ψ
161 2136 211 2177 (6)
233 2135 354 2167 Edinb.
398 2135 514 2165 medic.
553 2135 622 2164 and
652 2146 742 2175 surg.
775 2137 895 2166 Journ.
937 2137 1054 2167 XXH.
1096 2138 1167 2169 825.
1187 2150 1235 2163 ⁸·-

119 2190 241 2221 Edinb.
274 2189 622 2228 medico-chirurgic-
660 2190 770 2219 Trans
803 2189 850 2219 11.
881 2189 950 2230 293.
985 2190 1037 2221 Cf.
1069 2191 1235 2223 Chris-¹

124 2243 283 2281 tisun,
306 2242 331 2273 1.
354 2253 382 2273 c.
404 2253 438 2282 p·
460 2242 530 2274 248.
553 2252 620 2282 seq.
