1487 2625
441 199 848 251 ORATIO.
1078 224 1085 232 ·
1159 214 1210 258 51

201 328 445 377 JUDIGIUM
474 334 685 383 Onmms
717 339 1099 392 LITERATORUM‘

170 444 458 501 Quaenobis:
484 452 638 498 tradita
682 463 744 501 est
782 459 837 502 ad
889 462 1197 517 quaestionem:

129 545 132 548 -
143 550 173 574 ‚‚
187 523 477 582 Descriptio,
498 533 686 587 exipsis
693 535 900 592 fontibus
916 541 1055 582 ducta
1065 572 1078 594 ,
1101 558 1198 585 con-

19 635 23 639 .
84 598 273 645 ditionis
287 606 538 659 politicae,
565 624 679 664 qua,
705 619 925 667 regnante
949 617 1115 660 Carolo
1134 623 1186 663 V
1184 653 1199 668 .,

84 674 695 737 Septemdecimprovinciae
706 690 926 745 Belgicae
931 696 1134 748 ficerunt
1145 701 1193 749 ,'’

80 748 337 809 disputatio,
368 770 467 804 nonr
493 758 550 803 ita
575 761 699 806 nobis
734 765 962 821 satisfecit,
992 777 1037 813 ut
1063 786 1194 830 prae*-

10 877 13 880 γ
77 825 164 875 mio
181 830 377 875 ‚ornanda
403 832 626 882 videretur.
685 838 1008 888 Disiderabatur
1028 846 1072 889 in
1093 848 1192 891 son-

75 902 476 964 tibus-exquirendis
504 916 840 976 usurpandisque
870 921 1014 966 critica
1033 925 1191 968 severi-

76 985 166 1034 tas,
196 988 284 1027 tum
310 985 432 1029 etiam
462 987 506 1032 in
542 990 669 1035 rebus
699 995 953 1052 explicandis
981 999 1189 1045 Latinita-

72 1056 126 1101 tis
169 1063 489 1109 commendatio.
548 1066 866 1126 Verumtamen,
898 1089 991 1119 cum
1013 1076 1057 1120 in
1087 1094 1189 1136 gra-

71 1133 240 1180 vissimo
263 1140 488 1184 tractando
513 1154 758 1202 argumento
784 1157 931 1195 auctor
956 1154 1080 1199 nobis
1117 1157 1187 1199 in-

74 1210 278 1257 dustriam
326 1229 663 1277 etc-progressus
708 1227 961 1284 probasset,
1016 1232 1184 1291 dignam

73 1288 162 1345 ejus
197 1294 595 1349 commentationem
623 1299 924 1360 iudicavimus,
956 1308 1072 1365 cujus
1101 1325 1185 1369 pu-

68 1364 176 1411 blice
201 1367 317 1413 fieret
341 1370 572 1419 honorifica
585 1379 766 1427 mentio.

121 1443 283 1502 Aperta
313 1448 512 1509 schedula
540 1455 698 1512 patuit,
731 1458 978 1518 scriptorem
1007 1478 1122 1508 esse:

141 1540 375 1593 Petrum
410 1540 688 1595 Jacobum
732 1553 1110 1615 Vermeulen,

269 1617 354 1650 Litt.
374 1619 462 1652 hnm-
485 1624 519 1654 in
541 1626 643 1658 Acad.
665 1628 754 1669 Traj.
776 1631 966 1664 studiosum.

93 1693 218 1738 ··Non
252 1695 378 1754 igitur
419 1707 516 1746 tuae
558 1711 600 1749 te
642 1707 892 1755 conditionis
939 1713 1177 1771 poeniteat,

63 1763 325 1818 ornatissime
352 1776 710 1838 Vermeulen‚
746 1788 860 1842 quod
889 1789 1070 1847 praemii
1091 1793 1177 1837 ho-

32 1900 34 1902 ·
61 1860 165 1891 nore
192 1849 391 1904 excidisti.
451 1855 557 1900 Nam
589 1858 624 1903 si
657 1860 701 1914 in
736 1865 896 1922 magnis
934 1867 1061 1912 rebus
1094 1885 1178 1915 vo-

59 1922 185 1968 luisse
211 1941 406 1985 maguum
431 1940 515 1986 est,
549 1950 649 1980 sane
682 1954 807 1995 quam
843 1943 978 2000 majus
1011 1953 1072 1990 est
1108 1948 1175 1991 fe-

61 1998 191 2055 cisse,
218 2003 304 2049 imo
334 2006 480 2053 fecisse
507 2000 784 2070 probabiliter
809 2019 884 2062 etsi
899 2035 983 2064 non
999 2023 1170 2081 optime.

61 2073 148 2130 Nec
170 2076 247 2122 tibi
264 2079 372 2125 iusta
398 2084 487 2129 laus
520 2087 658 2142 deest,
693 2092 955 2152 principibus
983 2099 1170 2157 placuis-

60 2165 106 2196 se
130 2154 255 2212 viris3
280 2159 474 2216 placuisti
495 2165 638 2208 saltem
654 2167 871 2215 'industria
901 2180 972 2217 tua
999 2183 1038 2219 et
1062 2192 1171 2235 pro-

60 2231 283 2285 gressibus.
343 2238 539 2285 Proficiat
566 2241 691 2300 igitur
719 2246 798 2290 tibi
820 2247 889 2294 illa
915 2251 1098 2298 laudatio
1131 2262 1170 2299 et

60 2306 113 2349 ad
142 2309 332 2357 solatium
360 2322 400 2359 et
427 2317 478 2361 ad
513 2323 877 2377 perseverantiam.
963 2385 1024 2428 Δ*
