1487 2625
241 199 312 225 100
457 180 1117 224 COMMENTATIO

240 297 276 325 et
308 298 472 332 100‚000
504 295 619 331 aquae
648 281 830 332 partibus.
891 282 980 320 Post
1021 281 1167 329 aliquot
1201 281 1338 319 minuta

237 358 276 394 in
311 367 476 402 200‚000
504 361 540 391 et
567 365 752 401 300,000.
809 352 926 390 Color
953 350 1072 388 statim
1107 359 1181 388 erat
1214 351 1343 388 herba-

239 436 326 463 ceus
362 424 599 472 ejusdemque
633 422 770 460 coloris
810 421 1102 469 praecipitatum.
1156 421 1254 459 Idem
1289 420 1344 457 in—

239 494 324 532 veni
361 504 474 540 quum
508 492 592 540 ‚5¹55
616 490 715 540 grani
748 498 887 538 partem
913 503 1055 537 50,000
1088 500 1204 536 aquae
1226 489 1342 526 dilue·

236 563 334 599 bam.
403 561 494 599 Post
540 560 756 598 semihoram
808 559 1084 608 praecipitatum
1129 557 1342 604 oriebatur,

238 630 270 668 si
296 641 477 668 venenum
514 642 699 678 150,000,
738 638 826 677 post
854 638 992 677 septem
1025 639 1113 666 vero
1147 628 1284 674 horas,
1311 627 1345 663 si

238 711 404 748 300,000
443 708 478 736 et
516 712 684 747 400‚000
727 710 843 746 aquae
886 698 977 736 illud
1020 706 1117 735 esset
1154 698 1343 743 dilutum,

237 768 403 816 quamvis
438 768 475 805 in
510 769 636 806 ultima
671 778 850 806 venenum
884 768 978 805 inter
1005 777 1041 805 et
1069 779 1199 815 aquam
1232 767 1344 804 ratio-

237 847 283 874 ne
317 837 544 885 praecipitati
578 838 684 875 color
718 837 874 884 viridis,
929 837 1200 884 quodammodo
1231 835 1344 875 fuerit

233 906 500 945 caerulescens.
573 906 701 944 Statim
745 905 1135 953 fererpraecipitatum
1173 915 1343 944 exortum

236 975 462 1022 observavi,
487 974 521 1013 si
586 977 600 996 ¹
664 976 766 1024 grani
804 987 970 1021 200‚000
1005 987 1120 1023 aquae
1153 984 1250 1013 esset
1283 985 1358 1021 so·>

550 1000 639 1024 ππ

236 1048 326 1085 luta.
379 1047 583 1085 Nonnullis
608 1058 696 1084 vero
717 1048 828 1084 horae
863 1047 1013 1084 munitis
1037 1046 1171 1094 elapsis
1187 1074 1199 1092 ‚
1227 1056 1342 1092 quum

236 1128 406 1162 400‚000
432 1125 469 1153 et
495 1128 664 1163 500‚000
688 1128 804 1163 aquae
822 1125 943 1165 partes
963 1115 1195 1153 adhibueram
1209 1142 1223 1162 ‚
1241 1126 1346 1164 prae-

235 1185 389 1233 cipitato
421 1184 508 1222 licet
537 1186 581 1222 ad
613 1186 818 1223 caeruleum
844 1193 1032 1233 vergente„
1084 1185 1182 1222 Cum
1203 1184 1235 1221 si
1259 1184 1346 1236 ξδ’-65

237 1257 339 1304 grani
375 1256 411 1293 in
445 1268 616 1304 400‚000
641 1267 756 1303 aquae
781 1254 946 1302 partibus
970 1251 1223 1291 dissolvissem
1240 1281 1252 1299 ‚
1279 1264 1345 1291 co-

237 1327 296 1362 lor
330 1326 553 1364 viridescens
598 1325 720 1362 statim
771 1324 922 1362 omnino
974 1323 1162 1369 oriretur,
1207 1322 1346 1370 praeci·

237 1395 392 1441 pitatum
425 1404 545 1433 autem
570 1395 771 1432 nubeculae
802 1394 915 1431 instar
947 1391 1103 1430 fundum
1132 1391 1344 1429 difficillime

234 1474 390 1513 peteret.
457 1467 576 1515 Quam
618 1465 744 1512 itaque
785 1474 965 1501 venenum
1007 1461 1101 1499 inter
1144 1470 1180 1498 et
1210 1471 1341 1509 aquarn

237 1535 447 1572 relationem
475 1533 669 1572 terminum
698 1542 821 1572 statuo
838 1560 850 1578 ‚
883 1543 958 1579 quo
985 1530 1202 1569 Arsenicum
1230 1531 1341 1579 hujus

236 1604 415 1650 reagentis
444 1615 517 1651 ope
547 1603 700 1641 indicari
728 1610 866 1650 potest.

283 1673 493 1710 Dolendum
518 1672 658 1719 igitur,
682 1684 765 1709 cum
795 1673 910 1708 hocce
935 1681 1083 1718 reagens
1108 1670 1230 1717 quoad
1258 1680 1341 1706 sen-

238 1741 409 1778 silitatem
445 1741 560 1788 priori
596 1742 704 1789 longe
732 1749 917 1788 praestet,
961 1741 1080 1776 eadem
1118 1749 1236 1776 tamen
1271 1739 1343 1776 fide

238 1811 330 1847 illud
364 1821 438 1846 non
467 1821 547 1847 esse
580 1810 758 1856 dignum,
799 1821 883 1847 cum
918 1809 1060 1846 diversa
1097 1809 1229 1845 dentur
1258 1818 1341 1845 cor-

236 1890 354 1928 pora,
394 1889 488 1925 quae
526 1878 655 1925 partim
697 1878 795 1915 varia
836 1878 974 1915 ratione
1014 1877 1240 1925 praecipitati
1275 1888 1340 1915 co-

237 1950 349 1986 lorem
402 1947 614 1985 modificare
659 1949 714 1984 vel
759 1949 838 1996 ejus
886 1946 1143 1984 formationem
1184 1958 1340 1994 prorsus

235 2018 411 2066 impedire
442 2020 607 2064 valeant,
635 2017 764 2065 partim
793 2029 904 2063 vero,
942 2017 1120 2055 Arsenico
1144 2015 1228 2053 licet
1252 2016 1341 2053 defi-

230 2090 376 2133 ciente,
403 2089 520 2124 eadem
555 2099 619 2133 per
645 2098 794 2134 reagens
824 2087 1019 2134 praebeant
1046 2087 1315 2134 phaenomena.

282 2157 441 2194 Solvunt
481 2156 575 2192 enim
618 2157 896 2202 praecipitatum
947 2155 1089 2192 acidum
1135 2154 1339 2201 uitricum,

235 2224 486 2272 sulphuricum
524 2234 558 2260 ez
590 2225 846 2271 muriaticum3
878 2225 1019 2261 acidum
1054 2223 1229 2262 acericum
1248 2251 1262 2269 ‚
1287 2223 1340 2260 ci-

1284 2292 1346 2328 tri·
