1487 2625
386 204 986 253 THEOLOGICA.
1185 221 1235 257 47

121 314 391 364 providentiam
401 316 459 362 fita
475 315 679 365 disjunctas
693 316 917 365 cogitamus,
935 326 976 356 ut
987 316 1145 366 primum
1162 318 1238 357 De-

118 396 167 425 us
189 385 365 423 creaverit
380 393 500 432 ‚-tum
523 384 698 433 deinceps
724 386 904 434 inceperit
929 387 1133 435 gubernare
1158 398 1238 424 om-

120 453 181 495 nia
194 466 235 493 ac
249 465 496 502 conservare3
525 456 666 505 nonita
682 458 834 506 antiqui
849 484 862 503 ,
890 468 958 494 nec
987 458 1232 496 Socrates:

121 524 162 563 hi
187 527 308 564 Deum
336 527 528 574 cogitant,
559 534 600 564 ut
635 525 702 574 qui
733 538 879 574 semper
915 528 1080 566 omnium
1115 539 1236 566 rerum

116 605 262 633 causam
299 603 336 632 et
369 594 548 644 originem
588 595 626 633 in
662 607 702 634 se
737 595 896 644 habeat,
940 608 1087 646 semper
1125 597 1235 636 etiam

116 665 299 712 gubernet
326 666 529 711 mundum3
558 666 651 714 qui,
690 678 730 704 se
764 667 874 705 rebus
899 669 1094 706 mundanis
1117 668 1238 709 conti-

116 744 194 772 nuo
231 735 436 782 interesse,
491 737 720 775 demonstret
760 746 839 775 tum
878 749 978 776 nova
1014 737 1233 785 efficiendo,

116 813 196 843 tum
219 805 344 843 omnia
365 806 605 844 moderando,
647 807 708 845 Sic
730 807 898 846 videmus
912 836 926 856 ,
953 819 1064 855 quam
1087 807 1235 847 difficile

113 875 166 914 sit
215 884 251 913 et
303 876 552 924 periculosum
570 903 584 923 ,
640 877 790 915 alienam
839 878 1045 922 doctrinam
1096 877 1233 916 referre

113 946 161 984 ad
193 946 300 985 locos
332 947 544 993 quosdam,
591 957 669 985 non
710 958 755 984 ex
791 947 873 996 ipsa
903 948 1004 987 illius
1039 947 1233 987 doctrinae

113 1016 277 1054 auctoris
304 1025 426 1054 mente
451 1018 660 1054 desumtos.
716 1016 889 1064 Tamen,
927 1025 966 1055 ut
1003 1017 1150 1066 singula
1185 1029 1231 1058 eo

110 1087 248 1126 clarius
269 1086 432 1136 proponi
453 1086 630 1135 possint,
659 1088 855 1136 sejungere.
872 1087 946 1126 hoc
968 1088 1054 1125 loco
1076 1087 1232 1128 omnino

114 1156 293 1195 debemus
318 1157 410 1195 duas
433 1167 517 1203 res,
557 1168 648 1203 quas
673 1157 754 1205 ipse
779 1158 1007 1196 Socrates
1033 1168 1111 1196 non
1137 1159 1229 1197 adeo

110 1225 309 1275 separatim
356 1234 544 1274 spectasse
597 1226 760 1266 videtur.
826 1226 901 1266 Sed
938 1228 985 1265 ad
1018 1238 1093 1265 rem
1131 1239 1234 1266 acce-

111 1297 264 1334 damus.-

167 1394 192 1413 „
218 1366 350 1413 Deus,
419 1365 541 1413 inquit
568 1366 815 1414 Socrates,
869 1395 894 1414 ‚,
920 1368 1164 1416 universum,
1192 1370 1233 1407 in

113 1462 138 1483 ,‚
165 1447 241 1482 quo
276 1436 400 1474 omnia
437 1437 594 1485 pulchra
625 1448 666 1474 ac
704 1436 801 1475 bona
835 1446 951 1485 sunt,
1001 1439 1148 1476 ordinat
1196 1447 1234 1477 et

111 1535 137 1555 ‚‚
163 1506 355 1553 continet,
396 1507 508 1555 idque
547 1506 785 1554 detrimenti,
824 1508 946 1546 morbi
968 1515 1006 1546 et
1027 1508 1231 1547 senectutis

113 1604 138 1623 „
161 1587 293 1623 expers
315 1602 329 1623 ‚
369 1577 562 1615 utentibus
601 1577 780 1625 praebet,
817 1577 1013 1626 facitque,
1052 1587 1094 1617 ut
1129 1579 1234 1628 cogi-

111 1674 136 1694 „
162 1646 304 1684 tatione
335 1646 448 1685 citius
495 1656 532 1684 et
572 1647 654 1686 sine
692 1648 785 1686 vitio
825 1648 872 1686 iis
908 1648 1129 1688 inserviat.'’
1160 1649 1230 1700 (1)

109 1715 164 1754 Ut
183 1721 304 1752 'autem
331 1716 501 1764 ubique,
541 1717 595 1756 sic
620 1717 728 1756 etiam
754 1718 792 1756 in
825 1719 897 1757 hoc
934 1719 1020 1757 loco
1059 1719 1230 1768 inprimis

109 1784 158 1822 ad
213 1784 384 1823 homines
446 1787 625 1835 respexit.
716 1788 834 1827 Teste
883 1789 1228 1838 Xenophonte,

107 1855 333 1893 Socrates
386 1856 487 1895 Deos
532 1857 643 1897 rebus
680 1858 851 1896 humanis
890 1859 1069 1898 interesse
1102 1861 1230 1900 existi-

110 1924 260 1971 mabat,
290 1936 367 1962 non
396 1937 460 1972 ea,
500 1938 573 1974 qua
600 1929 738 1976 vulgus
764 1927 1022 1977 existimabat,
1058 1931 1226 1979 ratione,

109 2003 151 2034 ut
181 1994 243 2032 Dii
278 1995 344 2032 alia
382 1995 546 2043 scirent,
587 1995 656 2035 alia
693 1998 932 2046 ignorarent3
975 2000 1040 2037 sed
1071 2011 1135 2038 eos
1165 2012 1228 2039 ex·-

353 1365 379 1382 θ’

1175 2071 1227 2109 is-

111 2158 145 2197 §.
161 2157 272 2190 11-15.
296 2162 421 2189 etcum
443 2157 701 2200 Euthydemo
717 2181 726 2198 ,
758 2159 821 2194 lv.
844 2172 872 2193 c.
888 2161 917 2194 5.
935 2183 945 2200 ,
969 2162 1002 2192 in
1023 2163 1141 2204 quibus
1162 2163 1225 2195 hoe

102 2213 224 2252 'passim
257 2213 412 2244 cernitur.

149 2287 197 2326 (ι)
234 2286 287 2317 Cf.
311 2289 407 2316 Elem.
431 2284 495 2316 IV.
518 2295 546 2316 c.
569 2286 598 2316 3-
624 2289 654 2327 §-
678 2285 727 2335 [ᾗ.
