1487 2625
236 226 284 260 62
465 221 1122 262 COMMENTATIO

233 335 345 372 tidem
378 331 542 370 altiorem
576 332 635 368 vel
671 330 797 378 potius
832 342 1076 379 purpureum.
1146 331 1249 370 Haec
1279 343 1342 370 so-

232 404 328 442 lutio
353 402 574 451 percolando
603 400 645 438 fit
669 401 832 448 limpida.
861 400 1015 439 Indutae
1039 409 1127 438 sunt
1150 406 1211 440 eae
1234 403 1336 441 solu-

232 474 378 519 tiones,
406 471 517 509 solita
535 473 784 519 temperatura
808 471 902 508 a‘eriS
916 471 1252 520 athmosphaerici·‚
1279 473 1336 512 vi-

232 543 343 581 ridem
371 543 522 589 colore,
580 542 692 590 magis
727 549 848 579 autem
873 541 1013 579 elevata
1061 544 1337 591 temperatura,

227 612 414 648 coeruleo.
473 610 554 647 Hoc
592 609 772 647 verisilem
806 610 1080 656 quodammodo
1112 611 1230 649 reddit
1257 611 1338 660 opi-

232 682 407 726 nionem,
440 680 667 718 Creosotum
704 679 874 717 materiae
901 679 1028 727 indigo
1065 681 1247 719 coloranti
1275 682 1339 720 da-

228 763 266 788 re
303 750 512 788 facultatem
547 749 772 788 absorbendi
822 759 858 787 et
896 750 1094 787 reducendi
1129 751 1330 799 ‘oxygenii5

227 822 298 860 sub
326 833 366 858 ea
394 830 513 858 tamen
532 820 772 867 conditione,
803 820 905 867 quod
934 820 1160 858 Creosotum
1189 820 1244 860 sic
1273 821 1340 860 ha·

224 892 327 928 beret
359 891 549 928 maximam
584 889 792 926 affinitatem
827 890 872 926 ad
904 889 1157 937 oxygenium,
1198 898 1338 939 tempe.

225 964 348 999 ratura
403 959 600 1005 inferiori,
652 959 818 996 materies
857 970 946 996 vero
993 959 1120 1008 [ndigo
1163 962 1333 999 colorans

225 1033 470 1079 temperatura
511 1031 664 1068 elevata.
740 1030 867 1076 ltaque
919 1029 1051 1066 humili
1088 1031 1334 1077 temperatura

227 1114 274 1139 ex
309 1102 405 1138 flavo
441 1101 627 1137 Creosoto
673 1099 837 1146 oxydato
881 1107 917 1136 et
960 1099 1108 1136 materia
1145 1101 1334 1138 colorante

225 1171 383 1219 Indigo‚
433 1170 581 1206 reducta
624 1170 668 1206 ad
705 1169 869 1206 colorem
913 1168 1046 1206 leviter
1095 1171 1333 1217 coeruleum,

230 1241 389 1277 oriretur
433 1239 538 1276 color
579 1237 706 1275 viridis
762 1246 874 1284 atque
919 1240 1166 1286 temperatura
1216 1239 1335 1277 eleva-

226 1315 260 1350 ta
299 1310 520 1359 oxygenium
571 1308 746 1346 Creosoti
777 1308 954 1355 oxydati,
998 1319 1082 1345 cum
1125 1308 1334 1347 decolorata

225 1383 373 1419 materia
406 1381 595 1416 colorante
625 1378 783 1425 Indigo,
835 1385 948 1425 atque
982 1378 1070 1416 haec
1101 1389 1186 1415 cum
1225 1379 1338 1417 deco-

225 1452 342 1488 lorato
363 1452 548 1488 Creosoto
585 1460 623 1485 se
650 1448 909 1496 conjungeret.

275 1522 376 1558 Haec
409 1519 575 1565 εοῑιιῑίο,
614 1529 696 1555 cum
738 1518 905 1555 aIcohole
939 1517 1075 1563 mixta,
1103 1529 1330 1565 purpureum

222 1591 355 1638 accipit
376 1592 537 1627 colorem
555 1619 566 1636 ‚
595 1597 630 1625 et
649 1597 736 1635 post
761 1587 904 1634 aliquot
924 1587 1033 1625 horas
1060 1587 1208 1625 flocculi
1229 1599 1332 1636 prae-

223 1661 424 1708 cipitantur
468 1658 624 1694 brunnei
657 1657 823 1704 coloris,
883 1667 959 1694 non
986 1656 1330 1705 indigo-brunnei.

225 1729 407 1778 majorem
442 1729 605 1766 addendo
628 1727 809 1764 alcoholis
832 1727 1100 1774 quantitatem,
1128 1730 1330 1778 praecipita

228 1811 288 1837 tur
326 1798 493 1836 materies
528 1798 653 1844 indigo
693 1799 879 1834 colorans.
908 1821 959 1827 —
985 1798 1124 1835 Aether
1157 1800 1333 1839 miscetur

223 1883 305 1908 cum
344 1869 400 1907 his
430 1868 682 1905 §olationibus
716 1868 947 1923 immutatam.
1024 1868 1182 1906 Acidum
1223 1872 1333 1909 aceti·

222 1954 305 1979 cum
346 1947 648 1983 commutatum,
677 1937 857 1974 solutioni
893 1937 1122 1985 admixtum,
1158 1939 1333 1980 absorbet

224 2013 446 2048 Creosotum
463 2038 473 2055 .,
487 2017 638 2056 propter
663 2019 826 2055 magnam
846 2018 928 2044 cum
957 2007 1028 2045 hoc
1042 2008 1246 2046 affinitatem
1265 2037 1278 2056 ,
1292 2020 1329 2047 et

224 2081 388 2119 materies
425 2080 594 2116 commus
630 2077 756 2124 indigo
791 2076 1067 2125 praecipitatur.
1121 2078 1217 2115 Cum
1249 2078 1329 2115 suf-

221 2151 361 2192 ficienti
406 2160 521 2196 aquae
564 2147 764 2195 quantitate
799 2156 1114 2193 conquassatum,
1167 2147 1328 2184 Creoso·

224 2234 302 2261 tum
338 2222 377 2258 iu
421 2220 492 2256 hoe
539 2219 641 2255 acido
679 2218 868 2262 solvitur,
919 2225 955 2252 et
999 2215 1166 2253 materies
1202 2216 1326 2266 indigo

225 2294 393 2332 colorans
415 2288 697 2337 praecipitatur,
729 2297 766 2324 ut
797 2285 918 2334 pulvis
945 2286 1153 2323 coeruleus.
1207 2286 1327 2324 Mate-

1277 2366 1330 2394 r1e
