1487 2625
271 157 312 192 18
484 142 1146 188 COMMENTATIO

277 261 413 309 maj0re
439 257 609 295 affinitate
642 256 685 292 ad
711 263 894 302 potassam
923 253 1128 299 instructa,
1168 264 1274 299 quam
1307 252 1378 289 aci-

274 331 360 367 dum
385 326 646 370 carbonicnm,
686 324 722 360 in
750 323 863 360 fluido
889 323 1038 359 adsunt.

327 411 364 435 2.
418 397 459 434 In
504 406 674 442 cupream
720 400 897 429 retortam
931 392 1160 438 deputatam,
1199 390 1378 428 alembico

278 476 433 504 stanneo
471 464 668 508 adhibito,
720 462 874 500 fluidum
921 470 1123 498 saturatum
1173 459 1379 508 injiciatur,

274 535 391 573 affusa
418 535 568 572 dimidia
588 543 702 580 aquae
726 540 852 579 parte3
882 531 968 567 haec
997 530 1143 567 miscela
1167 529 1381 576 distinetur.

277 605 435 643 Primum
476 603 726 645 destinatum,
768 611 882 647 aquae
928 607 1169 648 supernatans
1208 599 1384 636 multum-

278 685 352 721 que
380 674 479 722 eupii
505 673 700 710 continens
718 698 730 716 ‚
758 678 963 717 separetur.
1016 668 1226 717 colligatur
1260 668 1384 715 liquor

278 745 429 787 oleosus
454 743 674 787 subsidens,
700 751 797 786 nee,
835 738 1010 786 quamdiu
1042 738 1228 775 sufficiens
1260 738 1383 776 oleum

278 821 460 859 transeat,
487 810 749 849 intermittatur
774 809 986 846 destillatio.

330 883 367 930 '3.
422 881 507 919 Hoc
533 881 678 927 oleum,
706 891 790 918 cum
819 880 867 916 sit
894 880 1206 924 Creosotum‚
1230 879 1385 916 multum

279 952 398 996 adhuc
425 950 524 998 eupli
559 949 755 987 continens
780 948 816 985 in
847 948 978 987 lixivio
1012 955 1181 996 potassae
1204 947 1388 986 causticae

283 1034 370 1068 μω
412 1020 528 1068 pond.
572 1031 677 1067 spec.
706 1019 884 1059 solvatur.
948 1018 1064 1066 Eupii
1101 1029 1183 1066 pars
1221 1028 1294 1058 una
1327 1029 1390 1055 su-

282 1098 474 1139 pernatat,
522 1090 633 1127 altera
681 1100 765 1135 pars
809 1099 893 1125 cum
933 1089 1171 1126 Creosoto
1211 1087 1387 1126 solvitur.

282 1158 348 1196 Illa
387 1166 601 1206 separetur3
644 1158 688 1195 ad
725 1158 816 1194 hanc
858 1169 945 1194 vero
980 1159 1213 1205 separandam
1248 1158 1389 1196 solutio

283 1227 433 1265 alcalina
457 1227 655 1265 misceatur
676 1238 766 1274 1‚25
788 1227 955 1274 partibus
980 1238 1120 1275 aquae3
1139 1239 1231 1274 qnae
1244 1227 1392 1264 miscela

285 1309 414 1336 rursus
442 1296 650 1334 destilletur
681 1296 878 1343 (stanneus
905 1307 1003 1333 nunc
1034 1296 1251 1335 adhibeatur
1282 1297 1390 1334 alern-

284 1366 440 1414 bicus),
472 1366 590 1403 donec
627 1377 722 1412 aqua
757 1366 937 1403 transiens
969 1366 1064 1403 haud
1088 1366 1246 1413 amplius
1268 1367 1388 1404 oleum

284 1437 486 1474 contineat.
542 1436 630 1484 Quo
664 1438 842 1483 temporis
869 1444 1009 1484 puncto
1042 1445 1164 1474 autem
1193 1446 1288 1483 0‚75
1311 1430 1392 1484 pai·-

285 1516 341 1543 tes
366 1505 605 1549 transierint,
643 1505 892 1543 admisceatur
926 1506 1088 1552 aequalis
1125 1517 1241 1552 aquae
1276 1518 1390 1553 purae

259 1576 484 1622 ·quantitas.
539 1575 638 1611 llaec
671 1575 796 1611 ultima
830 1575 967 1611 tamdiu
1000 1575 1158 1612 iteranda
1183 1584 1297 1621 sunt,
1325 1576 1391 1613 do-

287 1655 354 1681 nec
389 1656 481 1691 aqua
518 1644 697 1680 transiens
730 1643 826 1680 haud
852 1644 1008 1690 amplius
1035 1646 1157 1681 oleum
1184 1644 1385 1682 contineat.

286 1713 434 1751 Nititur
469 1714 555 1750 haec
597 1713 762 1760 operatio
796 1715 838 1750 est
878 1723 1049 1760 potassae
1085 1714 1268 1753 causticae
1303 1726 1390 1762 pro-

287 1783 469 1829 prietate,
495 1784 596 1828 qua,
637 1791 879 1828 temperatura
914 1784 1080 1829 elevata,
1117 1784 1254 1831 eupion
1287 1785 1391 1823 alias·

287 1863 360 1900 que
382 1851 609 1889 substantias
634 1851 738 1899 prius
768 1864 874 1898 quam
901 1854 1174 1890 Creosotum
1199 1854 1386 1901 relinquit.

335 1922 446 1958 Nunc
488 1921 882 1965 solutioniaicalinac
925 1923 1166 1961 admisceatur
1206 1924 1388 1971 quantitas

284 1991 376 2028 acidi
412 1990 618 2037 sulphurici
653 1991 790 2037 diluti,
828 1991 1012 2029 sufficiens
1047 1992 1262 2029 saturationi
1296 2004 1388 2040 0,75

264 2061 440 2109 ,partium
481 2070 666 2107 potassae.
744 2060 955 2097 Destillatio
992 2073 1066 2097 non
1103 2062 1386 2105 intermittatur,

283 2131 400 2168 donec
437 2130 719 2167 Creosotum
755 2131 933 2167 transiens
971 2131 1129 2167 amiserit
1157 2139 1294 2167 tantum
1322 2142 1387 2168 eu-

284 2200 361 2245 pii,
393 2207 569 2247 quantum
598 2198 674 2236 fieri
700 2200 834 2246 possit.

1207 2281 1245 2316 4.
1289 2270 1386 2316 Gap-

1485 1183 1487 1228 1

1485 1229 1487 1279 i

1486 1318 1487 1332 i

1485 1344 1487 1368 A
