1487 2625
355 199 946 239 THEOLOGICA.
1160 204 1206 250 89

94 319 184 357 cat,
211 309 272 346 ina
291 317 506 356 comparet,
534 309 619 346 haee
657 316 774 346 arceat
808 307 891 356 (ι).
945 310 1062 347 Deum
1089 298 1207 358 igitur

97 377 170 416 sibi
195 377 427 427 proponebat
452 386 493 414 ut
519 386 681 415 naturam
707 378 917 415 rationalem
937 407 949 427 ,
979 391 1098 427 eoque
1122 380 1207 428 ipso

99 459 209 496 supra
247 447 429 485 materiam
464 456 638 484 terrenam
677 456 712 484 et
751 447 863 485 vitam
901 460 1002 495 eam,
1045 461 1138 496 quae
1173 450 1210 486 in

101 528 220 555 rerum
243 525 371 554 natura
387 526 465 561 est,
494 517 633 557 elatam.

155 587 272 626 Deum
299 587 405 624 etiam
429 587 539 624 habet
561 597 740 625 naturam
766 587 968 625 moralem:
992 587 1093 626 Deus
1117 588 1210 625 enim

104 665 186 703 est,
224 657 289 703 qui
322 656 487 694 instituit
519 666 554 694 et
586 656 746 693 vindicat
773 658 872 704 leges
911 668 987 694 non
1025 655 1211 707 scriptas3

104 725 207 762 Deus
227 732 438 762 constanter
457 725 560 772 vult,
588 734 628 762 ut
642 726 708 762 hae
724 725 988 773 observentur,
1010 737 1076 764 nec
1091 713 1213 765 unare

107 793 316 842 permoveri
343 803 469 841 potest
486 824 498 841 ,
524 803 566 832 ut
590 807 607 832 a
631 795 773 843 justitia
800 808 865 833 sua
896 797 1070 845 decedat,
1099 795 1215 835 et-'in-

102 863 213 912 justis
236 863 380 909 faveat,
405 875 451 901 ne
473 864 566 912 ipsis
594 865 740 912 quidem
762 865 951 903 sacrificiis
976 875 1010 903 et
1032 858 1213 904 donorurn

106 934 302 982 splendore
326 935 410 983 (2).
471 935 618 973 Etenim
634 963 646 980 ‚
681 935 710 973 si
733 935 1054 974 Diiflecterentur
1079 938 1217 975 sacrifi·

106 1002 199 1049 ciis,
235 1014 310 1040 non
345 1012 498 1052 possent
519 1015 595 1041 non
622 1004 802 1052 improbis
828 1018 935 1053 saepe
959 1007 1072 1055 magis
1094 1006 1218 1044 favere

110 1082 216 1117 quam
248 1072 404 1119 probis:
450 1074 561 1119 „hoc
597 1082 716 1110 autem
755 1075 835 1111 Deo
867 1075 1056 1124 indignum
1092 1086 1215 1123 esset,

113 1153 137 1186 §s
151 1147 224 1184 τοῖς
248 1143 333 1185 θεοῖς
358 1133 396 1182 bf:
423 1147 538 1186 καλῶς
561 1143 636 1192 ἔχοι
653 1143 696 1189 ,”

114 1235 138 1256 ‚‚
149 1208 357 1248 facerent.’'

723 1144 772 1181 ait
796 1145 1053 1192 Socrates,
1090 1161 1113 1195 ,·.,
1128 1147 1157 1185 si
1183 1148 1220 1186 id

124 1270 127 1301 ἶ
164 1279 243 1316 Hac
281 1286 400 1317 autem
435 1280 472 1317 in
500 1283 679 1319 sententia
703 1282 916 1321 Socratis
947 1285 1091 1333 egregia
1116 1297 1221 1333 pror-

113 1360 177 1386 sus
209 1349 437 1387 observanda
464 1358 519 1386 est
547 1352 761 1398 progressio
787 1353 830 1389 ad
858 1365 978 1391 veram
1005 1355 1072 1392 Dei
1097 1340 1220 1393 notio-

112 1429 209 1456 nem.
267 1419 386 1456 Deum
424 1419 494 1456 sibi
523 1431 738 1467 proponens
775 1430 939 1460 naturam
971 1425 1222 1472 rationalem,

113 1489 405 1537 planediscedit
434 1501 453 1526 a
484 1490 728 1540 philosophis,
770 1491 833 1538 qui
867 1501 951 1529 ante
984 1482 1221 1540 ipsm'n'fue-

115 1566 224 1605 rant,
263 1559 466 1603 omnibus,
503 1567 539 1596 et
578 1560 634 1596 his
671 1561 781 1608 longe
818 1571 990 1609 praestat.
1047 1563 1142 1600 Nam
1184 1564 1223 1601 hi

115 1629 234 1666 Deum
285 1628 467 1665 habebant
513 1633 588 1667 vim
642 1631 831 1676 quamdam
856 1659 868 1676 ‚
921 1632 983 1669 cui
1031 1634 1224 1692 conscien-

116 1697 203 1734 tia-m
232 1697 378 1744 quidem
404 1698 642 1745 tribuebant,
684 1700 842 1737 camdem
870 1711 989 1739 autem
1008 1730 1020 1748 ‚
1049 1715 1161 1763 ςιιειη.
1187 1713 1223 1741 et

117 1766 332 1804 hominibus
365 1767 579 1806 tribuebant
614 1768 864 1816 omnibusque
895 1771 1034 1808 naturis
1068 1772 1225 1810 viventi-

116 1837 215 1883 buS,
239 1847 315 1874 non
339 1848 429 1874 vero
456 1838 660 1885 ration3em
687 1851 731 1876 ex
758 1839 903 1878 illorum
931 1851 1078 1888 mente,
1100 1842 1223 1880 divina

116 1915 242 1942 natura
276 1905 376 1953 agit,
411 1916 486 1942 non
525 1909 726 1944 secundum
757 1907 874 1956 fines,
916 1921 1011 1957 quos
1045 1911 1125 1959 ipsa
1151 1912 1222 1949 sibi

116 1975 272 2022 posuit,
307 1976 371 2012 sed
402 1977 601 2013 secundum
639 1977 730 2026 leges
759 1967 960 2029 physicas,
995 1991 1015 2017 e
1054 1982 1224 2019 materiae

118 2048 334 2086 conditione
358 2047 556 2104 profectaS.
590 2050 674 2098 Ipse
696 2051 786 2088 adeo
811 2051 1125 2101 Anaxagorae
1150 2055 1224 2094 νοῦς

1169 2137 1226 2162 SC-

159 2180 213 2217 (ι)
234 2182 332 2211 Mem.
359 2179 419 2212 iv.
445 2192 474 2211 c.
499 2180 529 2211 5.
555 2181 583 2216 §-
612 2192 659 2212 ιι.
689 2182 764 2212 cou.
792 2183 850 2213 nb.
873 2163 900 2214 ι’.
924 2194 953 2216 e.
978 2186 1008 2216 4.
1037 2188 1063 2224 §-
1088 2187 1134 2217 13.
1161 2187 1223 2219 tv.

120 2244 148 2264 c.
169 2232 200 2264 5.
221 2234 248 2270 §-
271 2243 321 2264 ιι.

159 2288 214 2323 (2)
237 2289 335 2318 Mem.
358 2286 373 2318 I
406 2298 434 2318 e.
454 2287 483 2317 3.
507 2282 536 2324 ξ.
559 2287 588 2318 5.
