1487 2625
498 220 846 260 MEDICA.
1151 228 1220 264 147

117 333 178 375 Pf
184 346 204 376 a
216 333 238 373 f
245 333 267 372 f
299 331 452 386 formari
486 331 664 377 omnino,
699 328 840 368 tardius
877 327 990 374 licet,
1026 326 1224 374 sulphure·

113 415 193 446 tum
222 403 389 444 Arsenici
417 402 504 451 (ι),
556 399 745 440 Convenit
778 409 866 436 vero
898 397 930 434 si
952 406 1100 444 reagens
1129 394 1224 432 illud

111 473 153 512 in
170 474 360 513 solutione
382 471 570 511 arseniatis
594 471 767 509 Potassae
792 467 1033 513 adhibeatur,
1062 475 1105 503 ut
1136 467 1226 503 haec

115 551 221 586 antea
259 543 361 582 acida
387 543 557 580 reddatur
587 551 660 589 ope
689 539 782 578 acidi
813 537 1119 586 hydrochlorici,
1148 547 1226 583 quo

113 612 246 661 facto,
282 624 351 662 gaz
383 610 629 661 Hydrogenio
670 610 891 658 sulphurato
933 607 1151 646 transmisso
1190 614 1228 644 et

114 682 246 721 deinde
294 682 442 731 liquore
493 681 565 719 sibi
601 680 733 718 relicto
780 679 1040 727 sulphuretum
1090 677 1231 716 orietur

113 751 303 792 Arsenici.

166 822 269 861 Haec
302 829 392 860 sunt
417 820 599 870 reagentia
628 819 754 858 fluida.
806 820 994 859 Praeterea
1027 828 1149 857 tamen
1192 827 1230 857 et

115 891 259 930 acidum
297 900 336 930 et
372 892 429 929 sal
450 891 583 929 caloris
613 902 685 938 ope
712 901 779 939 per
813 890 1013 928 carbonem
1029 890 1233 928 “reducun-

115 971 205 1010 tur,
232 961 404 1010 quamvis
436 971 665 1010 postremum
698 960 792 998 illud
825 960 962 1009 majore
982 958 1144 1007 indigeat
1173 970 1233 998 ca-

118 1031 209 1070 loris
244 1031 359 1080 gradu
395 1043 504 1080 quam
547 1030 671 1079 ipsum
700 1029 873 1070 Arsenici
898 1030 1168 1077 deutoxydum.

601 1177 637 1223 §.
692 1187 755 1223 24.

293 1315 361 1353 De
396 1314 754 1364 Sulphuretis
790 1316 1054 1354 Arsenicis

149 1500 153 1503 ,
172 1460 319 1498 Horum
336 1471 450 1498 unum
469 1490 484 1507 ‚
505 1459 831 1508 Auripigmentum
852 1467 1107 1506 nuncupatum
1124 1486 1136 1504 ,
1160 1457 1239 1495 for-

122 1537 242 1568 matur
264 1529 584 1578 decompositione
595 1529 797 1566 solutionis
818 1529 1030 1566 arsenicalis
1051 1540 1122 1576 ope
1142 1527 1236 1565 acidi

121 1599 489 1649 hydro-sulphurici.
517 1599 560 1636 In
585 1607 714 1636 natura
739 1598 917 1637 occurrit.
956 1597 1117 1636 Constat
1143 1608 1239 1635 mas·

124 1669 177 1707 sis
214 1669 436 1718 crystallinis
460 1668 723 1717 irregularibus
750 1669 971 1717 plerumque
998 1668 1237 1716 squamosis,

121 1738 427 1787 splendentibus,
481 1741 608 1777 colore
648 1740 749 1777 luteo
803 1739 1010 1777 instructis.
1079 1730 1235 1787 Saepius

119 1808 225 1848 acido
251 1809 463 1847 arsenicoso
498 1811 557 1848 vel
592 1809 758 1858 Suphuri
783 1818 820 1847 et
844 1808 949 1848 Calci
978 1818 1034 1847 est
1062 1809 1238 1847 mixtum.

123 1878 380 1927 Componitur
419 1882 464 1927 38
500 1880 662 1926 metalli,
690 1879 882 1927 sulphuris
901 1891 989 1917 vero
1014 1891 1078 1926 24.

170 1947 343 1987 Alterum
378 1948 600 1997 Risigallum
624 1948 759 1986 dicitur
783 1949 844 1985 vel
877 1948 1136 1996 sulphuretum
1169 1947 1241 1985 Ar⁴

123 2019 238 2058 senici
273 2018 440 2056 rubrum.
494 2017 635 2056 Massis
667 2017 891 2066 crystallinis
917 2017 955 2055 in
985 2029 1108 2055 rerum
1134 2025 1241 2055 natu«
1274 2035 1276 2049 »

124 2099 163 2126 ra
192 2088 344 2127 obvium
383 2097 453 2126 est.
509 2088 602 2136 Ejus
628 2088 813 2125 color-est
835 2087 1083 2126 aurantiacus.
1137 2088 1242 2126 Con·

114 2165 198 2196 stat
224 2170 269 2197 ex
302 2161 347 2208 38
374 2157 511 2196 metalli
537 2167 649 2206 atque
678 2160 720 2197 16
748 2158 964 2207 Sulphuris.

1204 2229 1247 2268 In

167 2315 574 2357 (1)Sehweiggcr,
596 2318 717 2348 Ioum·
743 2318 785 2348 N.
806 2319 850 2349 R,
873 2317 932 2349 Bd.
954 2316 1179 2360 X1V.p.96.
