1487 2625
511 185 860 226 MEDICA.
1194 193 1242 238 85

176 294 482 344 Experimentum
519 294 612 333 illud
650 295 818 343 inprimis
851 296 969 333 valere
1003 296 1178 342 videtur,
1207 298 1241 335 si

127 364 276 403 minima
302 365 398 404 adsit
436 365 568 403 veneni
599 365 740 414 copia,
781 376 874 413 quae
905 367 950 404 ad
974 366 1097 414 priora
1128 377 1242 415 expe-

126 435 283 473 rimenta
313 434 541 473 instituenda
571 435 669 473 haud
699 435 849 473 sufficit.
916 435 1117 474 oriebatur
1143 436 1240 476 enim

126 504 230 553 hinc,
286 505 325 543 in
375 505 572 554 superficie
624 506 745 553 Cupri
789 505 990 544 solutionis
1013 534 1026 554 ‚
1066 507 1239 555 pellicula

125 575 325 623 splendens
357 583 394 612 et
437 584 641 614 memorato
676 575 804 612 colore
840 575 1034 623 praedita,
1070 577 1240 623 quamvis

124 647 190 694 ἷξε
214 653 251 683 et
274 647 340 697 32155
365 652 505 683 tantum
528 645 632 693 grani
648 645 768 692 oxydi
787 643 862 682 albi
895 655 987 684 usus
1014 644 1186 685 fuissem.

629 736 663 783 §.
703 738 741 773 6.

402 828 706 867 Restitutio
758 831 965 868 metalli.

176 931 318 971 Verum
345 941 388 973 ut
411 935 632 974 veneficium
659 938 885 985 argumentis
911 938 1093 988 probetur
1109 967 1122 988 ‚
1149 950 1240 978 con-

130 1000 265 1040 ditioni
299 1003 498 1044 hodiernae
542 1006 719 1045 Chemiae
756 1008 958 1056 analyticae
1000 1009 1214 1058 adaequatis
1233 1037 1246 1056 ‚

124 1072 328 1119 requiritur
359 1083 400 1111 ut
434 1075 599 1114 medicus
626 1075 787 1114 forensis
808 1078 932 1125 ipsum
965 1080 1153 1117 metallum
1186 1091 1241 1117 re·

127 1143 258 1181 stituat
286 1152 397 1191 atque
425 1146 538 1195 hujus
580 1157 653 1195 ope
681 1147 814 1195 probet
841 1148 1013 1197 corporis
1048 1149 1240 1199 qu’usdam

127 1212 353 1250 Arsenicalis
379 1216 636 1261 praesentiam.

178 1281 219 1319 Si
244 1282 370 1331 itaque
400 1294 444 1320 ex
476 1283 560 1332 ipso
598 1286 726 1333 oxydo
768 1288 953 1325 metallum
977 1287 1145 1327 exhiberi
1179 1288 1242 1326 de·

126 1350 236 1399 beat,
297 1352 513 1391 adhibeatur
567 1354 684 1393 tubus
738 1355 879 1395 vitreus
929 1357 974 1396 ab
1020 1369 1093 1397 una
1139 1367 1242 1407 parte

123 1421 301 1469 clausus,
328 1424 436 1472 cnjus
471 1432 592 1462 autem
623 1425 736 1473 partis
760 1426 938 1464 diameter
966 1435 1132 1466 octavam
1153 1429 1240 1477 pol·

123 1492 206 1532 licis
237 1503 377 1542 partem
403 1503 480 1531 non
502 1495 652 1534 excedat
673 1494 759 1545 (1).

154 1732 157 1734 v
178 1702 220 1742 Si
243 1711 363 1741 autem
386 1711 506 1740 metus
533 1701 606 1748 sit,
632 1711 679 1737 ne
720 1699 884 1747 oxydum
917 1696 1103 1736 materiem
1135 1705 1240 1744 orga-

128 1771 245 1811 nicam
283 1771 418 1809 habeat
460 1771 654 1809 admixtam
701 1772 760 1807 vel
811 1769 841 1806 si
881 1768 1003 1816 ipsum
1040 1766 1245 1816 Sulphure-

124 1852 203 1881 tum
217 1842 263 1880 ad
285 1841 553 1879 instituendum
579 1840 869 1888 experimentum
896 1837 1071 1875 inserviat
1088 1864 1102 1884 ,
1129 1846 1241 1883 expe-

127 1911 212 1960 dit,
232 1920 272 1949 ut
296 1910 378 1948 tubi
410 1921 493 1959 pars
517 1909 657 1958 reliqua
678 1910 873 1958 angustior
897 1908 935 1945 in
959 1907 1151 1956 globulum
1181 1916 1244 1943 ex-

126 1982 298 2020 tendatur
325 1978 410 2027 (2).

1178 2166 1240 2204 Ad

167 2227 533 2269 (1)Berzelius,
554 2227 576 2257 1.
599 2236 628 2257 c.
649 2224 777 2275 pssst'tfi.

168 2279 219 2322 (as)
246 2280 332 2313 Ibid.
352 2292 385 2321 p.
407 2281 479 2322 449·
