1487 2625
588 482 866 520 INDEX.

176 925 392 958 introductio.
445 947 457 958 .
510 948 520 958 .
570 949 579 959 .
632 948 642 958 .
681 947 691 958 .
734 949 744 958 .
786 949 795 957 .
838 948 847 957 .
890 949 898 957 .
942 949 951 959 .
991 948 1002 959 .
1041 948 1052 958 .
1095 932 1117 957 .’
1145 936 1216 968 pag.
1256 925 1278 955 ὅ

172 1009 206 1048 §-
228 1017 258 1039 ι.
280 1007 332 1037 De
353 1006 486 1038 Socrate
508 1008 640 1048 ejusque
660 1006 876 1048 philosophia.
1161 1016 1181 1036 n
1237 1006 1278 1037 14

172 1094 192 1113 ³>
234 1096 264 1118 2.
286 1085 456 1127 Quomodo
478 1087 567 1118 Deos
588 1098 655 1118 esse
682 1087 881 1127 probaverit.
937 1107 946 1116 .
988 1107 998 1117 .
1041 1107 1051 1117 .
1094 1107 1105 1117 .
1166 1093 1185 1114 π
1238 1084 1279 1116 55

172 1173 191 1193 1>
232 1166 264 1197 5.
285 1165 449 1206 Quaenam
477 1167 536 1199 Dii
555 1171 658 1207 agant.
718 1187 730 1198 .
781 1185 1102 1197 .......
1166 1174 1185 1193 1>
1237 1164 1280 1196 42

171 1252 191 1271 n
232 1243 263 1273 4.
285 1246 337 1274 De
359 1245 497 1277 Divinae
518 1245 662 1276 Naturae
682 1244 951 1284 proprietatibus.
986 1264 997 1275 ·
1039 1266 1050 1277 .
1092 1264 1103 1275 .
1164 1253 1184 1273 t
1237 1243 1278 1274 66

171 1332 191 1351 r>
230 1322 261 1352 5.
283 1321 461 1362 Quamnam
481 1323 633 1353 Socrates
654 1323 716 1352 sibi
729 1323 951 1356 informaverit
963 1322 1102 1355 Divinae
1257 1346 1259 1355 ,

285 1392 418 1420 naturae
444 1390 620 1420 notionem.
675 1409 686 1419 .
727 1409 738 1437 Δ.
779 1409 1103 1421 .......
1164 1398 1184 1418 n
1236 1388 1280 1430 74

169 1476 188 1495 ³>
230 1467 261 1499 6.
283 1467 352 1498 Cur
372 1471 405 1497 et
425 1468 588 1508 quomodo
608 1468 667 1498 Dii
689 1467 816 1498 colendi
835 1468 910 1498 sint.
950 1467 1041 1509 Quid
1059 1469 1102 1498 sit

303 1535 405 1573 pietas
406 1553 1101 1566 ..............
1162 1543 1182 1563 a
1235 1544 1276 1575 92

251 1634 261 1642 .
282 1613 446 1644 Iudicium
492 1613 531 1644 de
571 1614 722 1646 universa
760 1612 905 1644 Socratis
931 1612 1098 1651 doctrina;

286 1679 491 1719 conjunctio,
515 1689 596 1719 quae
616 1679 650 1709 iu
675 1689 710 1709 ea
730 1683 778 1709 est
798 1678 941 1710 homines
960 1679 1046 1708 inter
1066 1680 1099 1709 et

284 1749 429 1775 naturam
451 1745 613 1776 Divinam.
635 1762 654 1769 -
677 1746 863 1776 Conclusio.
913 1766 922 1775 .
976 1765 987 1776 .
