1487 2625
247 228 317 263 124
470 215 1129 257 COMMENTATIO

293 327 391 365 Cum
420 326 513 364 enim
554 326 692 373 Davy
728 327 894 364 minimas
922 328 1150 365 metallorum
1188 328 1349 376 particu-

246 396 298 433 las
333 396 564 434 Galvanismi
605 407 679 444 ope
713 396 831 444 detegi
868 408 979 444 posse
1015 398 1210 436 indicasset
1251 400 1353 448 (1),

243 468 336 505 hanc
369 467 580 504 methodum
612 467 784 515 deinceps
817 466 987 505 adhibuit
1017 468 1160 517 Jiiger
1185 467 1281 518 (2),
1308 468 1354 505 il-

242 537 387 583 lamque
410 537 757 575 commendaverunt
784 537 987 576 Fischer
1013 537 1105 586 (3),
1134 537 1263 576 Diilk
1284 538 1353 587 (4)

244 615 280 643 et
311 605 387 644 aiii.
417 606 626 645 Secundum
649 606 993 645 Torosiewitz
1017 609 1187 654 sequenti
1210 607 1354 645 ratione

246 676 535 723 experimentum
573 676 793 715 instituitur.
846 678 888 716 In
919 680 1011 715 tubo
1037 678 1184 726 vitreo,
1209 678 1253 715 ab
1281 688 1354 716 una

244 755 349 794 parte
383 748 538 794 clauso,
576 749 683 796 cujus
715 748 909 796 longitudo
947 757 1108 795 quatuor
1135 748 1213 787 fere
1244 748 1357 797 polli-

245 815 378 862 cibus,
406 817 579 854 diameter
605 829 692 855 vero
716 818 848 855 horum
873 829 949 855 uno
966 828 1023 856 est
1049 819 1237 866 aequalis,
1264 820 1355 857 alter

248 886 360 924 tubus
387 887 512 924 itidem
538 888 677 925 vitreus
705 888 941 935 immittitur,
969 889 1014 926 ab
1041 900 1112 926 una
1131 899 1234 938 parte
1253 901 1358 937 aper-

247 965 308 993 tus
334 956 378 993 ab
403 958 514 995 altera
535 969 623 995 vero
654 958 796 995 vesicae
823 969 900 1008 ope
925 960 1072 996 clausus
1088 987 1100 1005 ‚
1128 960 1236 1008 qu'us
1256 957 1357 996 insu-

244 1039 309 1074 per
322 1027 518 1075 longitudo
535 1038 606 1066 tres
621 1028 773 1076 pollices
789 1038 946 1075 aequat,
961 1029 1133 1066 diameter
1149 1040 1236 1066 vero
1253 1028 1359 1066 dimi·

245 1097 337 1134 diam
353 1098 501 1146 pollicis
515 1107 671 1144 partem.
687 1098 906 1137 Collocatur
919 1098 1050 1135 deinde
1063 1098 1099 1134 in
1113 1097 1207 1135 tubo
1221 1098 1358 1146 majore

245 1167 376 1204 lamina
390 1167 683 1215 semicylindrica
696 1196 708 1214 ‚
737 1178 758 1204 e
776 1167 896 1204 Zinco
912 1166 1082 1204 confecta
1096 1194 1107 1210 .,
1126 1166 1357 1213 longitudine

243 1238 336 1274 tubo
372 1237 501 1286 majori
525 1238 714 1284 aequalis,
744 1248 914 1284 quaeque
944 1237 1005 1274 tali
1039 1235 1182 1272 ratione
1205 1246 1225 1272 a
1256 1243 1359 1282 parte

245 1307 438 1354 superiore
465 1307 513 1344 sit
535 1306 738 1344 acuminata
757 1336 768 1351 ,
797 1316 837 1343 ut
860 1305 1048 1354 perforare
1071 1305 1194 1352 possit
1218 1305 1356 1351 suber,

248 1378 351 1423 quod
387 1377 516 1414 tubum
552 1380 723 1426 majorem
760 1377 805 1413 ab
837 1377 920 1413 a'ere
946 1375 1126 1421 secludit,
1154 1387 1219 1422 per
1241 1374 1361 1422 quod-

249 1458 321 1494 que
343 1447 452 1484 simul
477 1458 565 1484 vero
589 1446 856 1494 transgreditur
887 1446 1000 1483 tubus
1025 1447 1232 1493 angustior.
1287 1444 1360 1482 Hic

247 1526 367 1553 autem
389 1516 506 1553 tubus·
531 1517 654 1554 itidem
669 1516 853 1554 clauditur
869 1515 942 1552 aiio
965 1515 1099 1552 subere
1115 1543 1127 1561 ‚
1154 1524 1258 1553 antea
1277 1525 1361 1563 per·

251 1585 372 1623 forato
400 1598 466 1634 per
492 1586 593 1623 filum
623 1585 781 1632 plutini,
807 1586 909 1632 quod
944 1596 1065 1631 usque
1097 1585 1142 1621 ad
1171 1583 1252 1622 tubi
1278 1594 1361 1630 par-

248 1665 321 1693 tem
353 1656 590 1701 inferiorem,
619 1656 739 1692 vesica
772 1656 930 1692 clausam
946 1683 957 1700 ‚
988 1654 1197 1690 immittitur
1213 1681 1226 1700 ,
1248 1662 1359 1700 atque

247 1737 331 1763 cum
371 1725 476 1762 Zinci
512 1726 643 1763 lamina
667 1727 861 1762 columnae
902 1725 1118 1761 elementum
1148 1722 1357 1761 constituit.

252 1795 390 1833 Tubus
427 1806 526 1833 nunc
558 1796 709 1833 interior
738 1795 885 1841 liquore
924 1793 1143 1841 arsenicali‚
1199 1793 1360 1831 exterior

1295 1874 1359 1899 au-

293 1971 345 2008 (ι)
367 1968 596 2008 Plzilosoplzic.
622 1969 800 2004 Transac„
824 1967 915 2007 ¹8⁰7·
936 1977 967 2005 p.
992 1966 1098 1997 1—56.
1131 1983 1168 1990 —
1199 1965 1291 1995 Ann-
1324 1965 1362 1993 de

256 2009 382 2051 Cheinie
401 2026 435 2050 et
455 2021 493 2049 de
514 2021 675 2061 Physiq.‚
703 2020 793 2060 1807.
816 2019 910 2049 Tom.
934 2019 1069 2050 LXHL
1089 2030 1123 2058 p.
1150 2029 1219 2059 172.
1240 2029 1273 2057 p.
1289 2017 1362 2049 225.

292 2077 346 2112 (η)
371 2072 582 2110 Gehlen‚
605 2073 628 2103 l.
656 2084 685 2102 c·
717 2073 773 2102 Bd.
798 2073 859 2104 Vl.
882 2084 912 2112 p.
937 2073 1006 2104 303.

297 2128 344 2167 (5)
376 2129 471 2158 γει-ε.
501 2139 560 2156 zur
580 2128 728 2158 Bericht.
751 2140 784 2161 u.
808 2129 984 2158 Erweiter.
1016 2129 1074 2158 der
1097 2126 1247 2162 ommia,
1272 2125 1363 2155 1816.

258 2178 286 2219 §-
312 2181 378 2211 153.
422 2182 474 2211 Cf.
510 2180 734 2217 Richter,
769 2182 792 2210 l.
815 2191 844 2212 c.
867 2192 898 2218 p.
919 2183 992 2222 706.
1022 2196 1062 2206 -
1095 2177 1368 2217 Hufeland,

256 2237 375 2265 Journ.
397 2235 490 2272 Tomf
514 2233 625 2264 Lxx.
654 2230 702 2263 St.
724 2236 755 2266 4.
778 2245 809 2272 p.
833 2235 902 2265 106-

299 2286 446 2328 <4)1.e.
467 2287 521 2317 Ed.
546 2289 571 2318 1.
594 2298 626 2326 p.
651 2298 718 2320 ιιο.
742 2288 794 2318 Cf.
814 2286 1040 2323 Richter,
1068 2286 1089 2316 1.
1112 2297 1141 2316 c.
1162 2296 1195 2326 1⁹.-
1221 2295 1292 2330 7⁰⁷.-
