1487 2625
441 211 832 251 .MEDICA.
1136 221 1205 258 127

102 322 206 363 ribus
239 319 453 369 organicis,
489 320 680 359 deficiente
716 321 800 358 licet
834 318 1046 366 Arsenic0‚
1086 320 1210 358 eadem

99 391 283 432 interdum
308 391 466 429 excitare
492 392 636 430 valeant
654 391 930 439 phaenomena,
956 389 1126 438 sequitur
1149 390 1210 428 illa

103 461 189 501 huic
217 461 373 502 examini
400 461 524 499 minus
551 461 730 500 inservire
754 472 881 510 posse.
1088 499 1091 503 ,

149 531 262 573 Varia
285 531 410 579 itaque
446 532 587 570 ratione
614 532 702 569 varii
733 539 903 569 auctores
939 531 1209 578 ventriculum,

99 602 274 643 intestina
306 610 512 650 eorumque
543 609 716 640 contenta
751 601 838 640 huic
872 600 1028 639 examini
1063 601 1213 640 reddere

99 671 270 720 aptiora,
296 671 420 712 conati
445 681 560 719 sunt3
590 672 721 720 partim
738 698 753 720 ,
780 680 822 710 ut
847 672 1034 711 destructa
1064 672 1214 710 materia

100 744 300 789 organica,
327 741 508 790 reagentia
545 741 658 781 fluida
692 741 812 780 tutius
842 741 1007 781 adhiberi
1032 751 1213 791 possent,

99 811 281 859 imprimis
308 823 397 850 vero
425 820 467 849 ut
487 811 609 860 ipsum
635 811 871 850 restituerent
886 812 1097 859 metallum,
1124 819 1216 850 tam·

99 893 209 928 quam
233 881 479 920 certissimum
506 881 639 920 veneni
666 880 828 930 signum.
880 881 1022 920 Verum
1053 889 1096 919 ut
1115 882 1216 921 hunc

102 963 256 1000 scopum
292 961 604 999 assequerentur,
646 951 817 990 nonnulli
845 951 1019 991 Arsenici
1051 952 1216 1000 oxydum

100 1017 289 1062 mutar-unt
322 1023 359 1060 in
395 1023 603 1060 arseniitem
634 1021 787 1068 Calcis,
823 1021 882 1060 alii
908 1022 947 1060 in
970 1022 1133 1072 ejusdem
1157 1033 1216 1060 ar·

100 1088 298 1140 seniatem,
326 1092 365 1130 in
392 1092 653 1140 sulphur-etum
679 1090 851 1130 Arsenici
877 1091 966 1139 alii,
996 1093 1218 1141 tandemque

104 1161 174 1201 alia
198 1162 349 1208 ratione
367 1162 427 1200 alii
454 1169 732 1210 processerunt.

158 1235 211 1268 10.
241 1232 450 1271 Secundum
479 1232 694 1271 methodum
725 1232 887 1270 Rosei
915 1231 1144 1271 ventriculus
1173 1231 1211 1270 in

101 1299 261 1340 frustula
283 1301 555 1340 comminuatur
581 1302 738 1351 eJ'usque
765 1310 940 1340 contenta
967 1301 1058 1340 satis
1085 1313 1215 1350 magna

101 1382 220 1419 aquae
253 1371 456 1410 destillatae
481 1371 591 1419 copia
620 1371 808 1410 diluantur
845 1381 881 1410 et
913 1384 997 1410 cum
1041 1374 1214 1411 Potassae

102 1441 282 1480 drachmis
316 1442 351 1480 II
379 1443 424 1480 ad
447 1442 506 1480 IV
525 1449 762 1490 coquantur,
789 1442 828 1480 in
853 1453 940 1481 vase
964 1443 1213 1493 porcellaneo.

98 1510 254 1559 Jusculo
292 1513 447 1559 colato,
491 1512 679 1550 residuum
714 1511 844 1550 iterum
878 1521 1091 1560 coquatur,
1127 1524 1214 1551 curn

102 1580 251 1619 dimidia
284 1594 400 1630 aquae
433 1583 638 1631 quantitate
663 1591 747 1620 ante
778 1582 965 1629 adhibita,
1010 1591 1122 1632 atque
1148 1594 1212 1621 co·

102 1650 207 1697 lato,
242 1650 430 1698 prioribus
469 1653 634 1691 addatur.
700 1652 822 1691 Omne
849 1652 1071 1692 Arsenicum
1112 1664 1211 1692 nunc

103 1730 161 1760 est
183 1721 375 1768 solutum,
402 1729 515 1769 atque
541 1722 696 1761 mixtura
722 1723 848 1761 colore
874 1723 1009 1771 gaudet
1030 1723 1211 1762 obscuro.

43 1827 45 1831 .
105 1791 161 1831 Ut
199 1790 312 1840 igitur
352 1791 560 1830 substantia
597 1785 766 1841 organica
807 1795 1050 1842 sejungatur,
1103 1801 1214 1841 atque

103 1862 210 1899 color
243 1861 308 1899 ¹ille
346 1861 552 1910 dispareat,
585 1862 751 1910 liquores
789 1864 912 1902 denuo
946 1864 992 1901 ad
1024 1863 1214 1901 ebullitio·

105 1941 188 1969 nem
223 1932 405 1969 ducantur
436 1931 556 1979 iisque
592 1932 766 1982 gradatim
800 1934 952 1971 addatur
987 1933 1130 1972 acidum
1157 1934 1214 1972 ni·

105 2001 411 2049 tricum„donec
446 2004 551 2040 color
585 2003 765 2041 excitetur
792 2003 924 2041 flavus.
978 2003 1212 2051 Liquoribus

107 2082 171 2119 per
193 2073 352 2110 chartam
378 2072 602 2111 transmissis
617 2097 630 2117 ‚
646 2084 852 2120 eorumque
876 2073 1001 2111 indole
1023 2072 1123 2116 acida
1135 2085 1214 2112 car-

108 2140 252 2178 bonatis
280 2142 453 2179 Potassae
473 2153 543 2189 ope
569 2141 782 2188 destructa,
811 2153 937 2179 eorum
968 2150 1213 2189 temperatura

109 2210 234 2248 ultima
266 2212 346 2249 vice
366 2212 410 2249 ad
434 2212 685 2249 ebullitionem
724 2212 915 2258 elevatur,
945 2219 984 2249 ut
1010 2213 1213 2260 expellatur

110 2281 250 2318 acidum
287 2282 550 2328 carbonicum,
580 2282 680 2329 quod
712 2293 731 2319 a
768 2282 920 2321 Potassa
939 2283 1083 2320 acidum
1109 2281 1215 2320 nitri·

1126 2364 1206 2392 cum
