1487 2625
193 238 260 274 108
419 234 1074 276 COMMENTATIO

188 343 348 381 hominis
390 351 519 380 natura
552 344 763 391 repetebat,
803 356 821 381 a
846 346 927 383 Deo
962 347 999 383 id
1023 356 1163 386 tantum
1187 348 1290 387 vole·

188 414 279 460 bat,
326 422 368 450 ut
402 413 500 461 justa
541 414 757 452 retribueret
795 415 1022 454 hominibus.
1089 418 1289 457 Kantius

184 485 301 532 legem
365 484 535 520 moralem
583 484 771 521 observari
826 486 972 522 volebat
1019 487 1138 534 ipsius
1177 489 1288 538 hujus

184 553 276 600 legis
298 554 522 597 reverentia,
551 553 771 590 Socrates
795 554 843 591 ob
873 555 968 592 bona
989 555 1074 594 inde
1093 557 1286 597 manantia.

184 622 274 672 Quo
310 622 503 670 cernitur,
539 622 754 661 Kantiurn
791 624 988 663 sublimius
1026 625 1212 673 cogitasse
1247 626 1293 664 de

185 693 347 738 virtute,
373 701 558 741 tamquam
581 692 654 741 ipsi
680 695 823 732 rationi
845 695 1023 733 humanae
1045 704 1288 745 congruente.

185 763 372 802 Praeterea
413 762 611 800 Kantius
648 774 793 801 causam
827 763 996 810 invenit,
1036 764 1074 802 in
1098 765 1182 814 ipso
1210 767 1291 804 Deo

185 833 370 880 positam,
412 833 460 870 ob
490 826 598 880 quam
626 832 686 870 hic
714 833 842 872 debeat
867 834 1091 873 retribuere:
1130 836 1217 873 Soc
1229 847 1292 873 ra·

188 912 259 940 tes
289 914 364 941 non
397 902 580 951 quaesivit
616 903 662 941 de
694 915 805 941 causa
829 903 866 941 in
888 905 969 942 Deo
993 905 1087 950 sita,
1129 917 1202 952 qua
1231 905 1292 944 hic

185 973 365 1011 adductus
411 973 461 1010 sit
508 973 554 1010 ad
597 975 696 1021 leges
743 973 822 1011 illas
870 973 1052 1012 ferendas.
1119 964 1294 1023 Denique

185 1041 264 1089 ipsa
288 1041 348 1079 illa
375 1040 535 1079 Kantii
562 1041 619 1079 lex
647 1042 823 1080 internam
851 1043 962 1080 animi
988 1043 1162 1081 virtutem
1189 1055 1294 1092 spec·

185 1119 263 1149 tat:
308 1111 522 1150 Socratis
554 1113 652 1159 leges
677 1111 821 1150 civilem
855 1113 1032 1151 rationem
1057 1114 1218 1162 habent,
1257 1123 1293 1153 et

187 1180 292 1219 unice
317 1181 482 1219 actiones
509 1181 652 1230 legibus
679 1190 943 1220 consentaneas
970 1183 1215 1230 praecipiunt.

200 1295 203 1300 p
237 1251 398 1289 Constat
423 1251 562 1299 igitur,
605 1250 818 1288 Socratis
842 1251 888 1287 de
911 1251 1021 1288 rebus
1048 1251 1182 1288 divinis
1205 1251 1293 1288 doc-

184 1321 314 1359 trInam
354 1321 392 1357 in
430 1319 605 1357 inferiore
644 1319 848 1357 subsistere
875 1319 1011 1367 gradu,
1052 1319 1090 1356 in
1112 1330 1187 1366 eo,
1215 1331 1291 1368 quo

186 1391 288 1428 Deus
338 1388 492 1427 habetur
540 1389 728 1438 legislator
767 1397 803 1426 et
839 1389 966 1438 judex.
1035 1389 1106 1427 Sed
1141 1390 1198 1427 vel
1235 1390 1290 1428 sic

186 1469 306 1497 tamen
345 1459 469 1497 multis
511 1460 555 1497 de
583 1459 704 1497 causis
729 1459 905 1496 laudanda
933 1467 1003 1496 est.
1057 1460 1162 1498 Deus
1185 1459 1222 1496 in
1250 1471 1291 1497 ea

186 1529 437 1578 proponitur,
477 1538 518 1566 ut
555 1529 618 1575 qui
655 1541 711 1566 res
738 1529 912 1565 humanas
925 1529 1031 1576 juste
1053 1529 1289 1575 moderetur,

187 1607 228 1636 ut
262 1607 389 1637 natura
418 1599 605 1637 rationalis
641 1608 676 1635 et
709 1598 873 1635 moralis.
926 1598 1032 1646 Quae
1059 1598 1128 1635 Dei
1157 1598 1290 1646 notio,

187 1668 277 1714 etsi,
302 1677 343 1706 ut
365 1668 547 1715 vidimus,
575 1669 706 1716 procul
727 1680 746 1705 a
770 1667 994 1716 perfectione
1018 1668 1139 1714 absit,
1167 1677 1287 1708 tamen

185 1739 428 1797 praestantior
452 1740 561 1786 longe
586 1748 667 1785 est,
710 1749 817 1785 quarn
854 1749 894 1774 ea
913 1765 925 1783 ,
964 1749 1058 1784 quae
1084 1746 1170 1775 tunc
1192 1739 1290 1786 apud

186 1810 385 1857 plerosque
414 1809 611 1857 regnabat:
654 1807 717 1854 qui
743 1809 860 1845 Deum
883 1807 1095 1855 cogitabant
1120 1808 1289 1846 humanis

187 1876 380 1916 affectibus
426 1877 599 1914 omnibus
638 1875 841 1924 praeditum
858 1904 871 1921 ‚
923 1876 986 1923 qui
1032 1876 1144 1913 modo
1177 1875 1290 1914 iratus

188 1955 284 1985 esset
307 1946 521 1984 hominibus
551 1946 600 1982 ob
627 1946 810 1983 levissima
840 1956 1031 1992 quaeque,
1071 1945 1120 1982 ob
1144 1945 1291 1993 linguae

187 2028 224 2058 v,
242 2028 278 2053 c.
319 2016 358 2053 in
379 2027 529 2063 precum
554 2014 727 2054 formulis
751 2015 945 2053 recitandis
970 2016 1111 2063 lapsum
1127 2043 1140 2062 ‚
1175 2015 1289 2053 modo

187 2086 388 2133 placaretur
423 2093 458 2122 et
490 2086 534 2122 ad
563 2085 740 2123 beneficia
771 2085 975 2133 praebenda
1012 2093 1288 2132 permoveretur

188 2153 376 2192 sacrifiziis
402 2164 437 2192 et
469 2155 697 2193 victimarum
722 2155 867 2192 nidore.
921 2154 1139 2192 Socrates
1166 2155 1288 2192 Deum

186 2224 371 2277 cogitabat
431 2225 673 2273 legislatorem
725 2233 760 2261 et
807 2224 968 2273 judicem
1000 2224 1140 2272 justum
1157 2251 1170 2270 ‚
1226 2223 1290 2271 qui

187 2295 284 2342 leges
318 2305 400 2332 suas
436 2305 561 2332 severe
595 2302 766 2341 tueatur,
806 2305 871 2332 nec
910 2294 987 2331 ullo
1025 2294 1134 2331 modo
1169 2293 1290 2341 decipi

1230 2373 1290 2400 aut

1464 683 1473 881 ‚o-v·-=.-‹›·-z‹
1466 622 1473 667 ,,;
1467 548 1471 603 -2-
1469 507 1473 515 ,
1468 483 1470 490 .

1455 1251 1462 1260 ⁴
1458 1147 1466 1223 ‹>.-
1458 1099 1467 1133 ;..
1462 1046 1475 1090 ...,
