1487 2625
539 439 717 477 CAPUT
748 437 1065 477 SECUNDUM.

351 570 404 600 DE
435 569 642 599 carioso'rt
668 572 1037 601 PROPRIETATIBUS
1066 573 1252 603 PHYSlcls

419 639 476 666 ET
506 640 634 668 VARIO
663 641 757 679 EJUS
787 642 863 669 USU
892 642 998 669 HINC
1028 642 1158 672 ORTo.

299 866 544 928 Creosotum
565 897 620 926 est
642 888 790 935 liquor,
818 888 897 925 sine
916 890 1066 935 colore,
1095 896 1349 937 transparens‚

246 957 423 1004 oleosus,
450 957 864 1006 (1‚0372pond.spec.‚
896 958 956 996 vel
983 959 1182 996 secundum
1207 958 1351 996 Buch-

246 1037 401 1064 nerum
443 1039 556 1075 1‚040
591 1029 708 1077 pondr
732 1038 836 1076 spec.
864 1025 958 1076 (ι),
997 1029 1190 1075 pressione
1214 1037 1353 1065 atmos-

245 1097 414 1146 phaerica
439 1109 558 1144 0‚722
585 1109 697 1135 m.m.
713 1125 726 1143 ,
753 1106 789 1134 et
819 1100 1065 1145 temperatura
1091 1105 1134 1141 -ι-
1150 1097 1216 1135 20⁰
1232 1096 1352 1134 Ther-

248 1167 417 1204 mometri
446 1167 628 1216 centigr.)
665 1166 728 1213 qui
764 1166 801 1204 in
829 1167 953 1204 charta
983 1167 1157 1204 maculam
1187 1167 1348 1204 oleosam

245 1237 445 1285 producit,
472 1245 562 1285 post
594 1236 744 1284 aliquod
773 1244 918 1282 tempus
944 1245 1063 1273 tamen
1086 1236 1346 1283 disparentem.

245 1306 330 1355 Ope
366 1306 585 1344 lamellarum
624 1306 917 1351 chartacearum,
953 1305 1202 1343 Creosoto
1229 1305 1349 1342 made·

242 1376 420 1416 factarum
437 1404 450 1424 ,
477 1381 537 1416 aer
556 1376 848 1425 atmospherieus
867 1375 941 1413 loci
961 1374 1149 1422 cujusdam
1164 1403 1176 1421 ‚
1209 1375 1246 1412 in
1270 1385 1345 1423 quo

242 1454 473 1495 aegrotantes
500 1447 664 1494 degunt,
688 1446 892 1493 vaporibus
929 1445 1164 1482 Creosoti
1205 1443 1347 1493 impleri

242 1525 394 1564 potest:
449 1516 657 1565 cujusmodi
701 1514 957 1562 suffumigium
997 1515 1345 1553 Reichenbach

243 1585 460 1632 adhibebat,
497 1585 778 1635 opportunitate
804 1586 1039 1631 morborum,
1078 1586 1141 1631 qui
1178 1595 1224 1622 eo
1254 1584 1346 1622 indi-

242 1665 329 1702 gere
354 1655 426 1703 ipsi
454 1656 672 1694 videbantur
699 1656 782 1705 (α).

293 1725 512 1772 comparata
533 1726 781 1773 magnitudine
803 1735 985 1774 guttarum
1008 1724 1234 1764 Creosoti
1260 1737 1342 1763 curn

244 1794 310 1839 ea,
339 1805 431 1840 quae
456 1803 513 1831 est
540 1803 724 1843 guttarum
753 1806 888 1842 aquae,
932 1795 1001 1832 sub
1032 1795 1160 1833 iisdem
1189 1795 1347 1832 circum-

243 1862 417 1909 stantiis,
444 1864 591 1911 patuit,
619 1866 690 1902 261
721 1869 839 1913 guttis
867 1866 1104 1903 Creosoti
1144 1878 1238 1915 opus
1267 1877 1346 1903 esse

243 1933 288 1971 ad
312 1933 534 1981 implendum
559 1934 746 1982 spatium,
775 1935 877 1981 quod
907 1945 976 1973 τοο
1003 1936 1117 1984 guttis
1139 1947 1253 1983 aquae
1276 1948 1347 1984 pu·

243 2017 302 2044 rae
325 2005 533 2053 impleatur.
586 2006 699 2054 Quod
720 2005 830 2044 fiebat
847 2007 1092 2054 temperatura
1110 2005 1341 2043 20⁰Therm.

242 2075 394 2125 centigr.
421 2084 458 2114 et
483 2075 576 2114 infra
601 2076 669 2124 490
690 2075 895 2114 latitudinis
921 2076 1098 2115 Borealis,

1217 2135 1343 2195 Quum

282 2212 334 2253 (ι)
355 2213 433 2244 vid.
454 2216 522 2254 ejus
542 2216 784 2256 Repert.fisrcl.
797 2216 934 2248 Pharm.
968 2215 1060 2245 Tom.
1080 2214 1207 2246 XLIV.
1229 2225 1261 2254 p.
1274 2215 1344 2256 159.

285 2268 336 2306 (2)
360 2265 437 2298 Vid.
463 2266 914 2309 Sehweigger-Seidel
938 2271 979 2301 N.
994 2270 1108 2300 Jahrb.
1124 2271 1180 2299 der
1196 2270 1344 2306 Clzemie,

242 2319 336 2351 Tom.
358 2319 457 2352 V111.
479 2331 512 2360 p·
526 2320 596 2361 407.
