1487 2625
224 168 274 206 70
355 133 358 137 ’
450 151 1116 202 COMMENTATIO

227 272 346 303 tamen
371 261 566 301 tenendum
584 271 790 308 ‚venenum
811 267 917 298 antea
936 259 1054 298 fuisse
1079 267 1142 298 aut
1164 268 1311 298 coctum
1326 287 1340 308 ‚

227 341 292 372 aut
321 333 392 371 aeri
420 330 659 379 expositum⁷
702 341 778 378 quo
813 329 952 367 factum
989 329 1071 367 sine
1109 329 1254 377 dubio,
1298 340 1338 371 ut

227 403 415 440 metallum
444 400 484 437 in
512 399 686 448 Oxydum
715 408 946 446 mutaretur,
975 399 1063 438 dum
1090 401 1238 438 eandem
1263 401 1340 438 for-

227 483 293 511 san
327 471 458 509 subeat
494 470 534 507 in
578 469 786 507 ventriculo
828 470 1068 507 mutationem
1114 469 1341 517 chemicam,

226 552 310 582 cum
338 540 476 589 insigni
503 539 680 578 efficaciae
707 549 907 578 venenatae
940 549 1155 588 augmentO.
1210 541 1343 588 Sequi-

226 619 290 650 tur
318 609 458 658 igitur,
499 620 623 658 neque
651 611 837 648 metallum
874 622 946 658 qua
973 610 1045 647 tale
1073 621 1155 648 esse
1185 619 1342 648 venena-

228 689 331 728 tum,
358 690 481 727 neque
509 679 601 718 illud
630 680 668 717 in
698 681 875 719 cadavere
906 679 1071 728 indagari
1100 690 1239 728 posse3
1284 688 1343 718 ast

228 750 268 789 in
296 750 368 789 hoc
391 750 635 800 detegendum
663 760 745 787 esse
775 749 838 788 illa
868 751 1034 797 ratione,
1072 760 1145 797 qua
1167 748 1342 798 deinceps

230 830 379 859 utemur
395 848 409 868 ,
465 820 497 858 si
541 819 760 858 veneficium
810 819 985 859 Arsenici
1025 820 1239 869 protoxydo
1283 820 1345 859 vel

229 891 445 938 deutoxyclo
472 890 586 928 fuerit
608 897 814 938 peractum.

279 959 479 998 Caeterum
513 959 545 996 si
578 969 687 1011 parca
722 959 822 997 illius
857 959 966 1008 copia
1013 960 1180 998 nondum
1227 958 1342 998 fuerit

226 1028 397 1076 ingesta,
427 1028 488 1066 illa
509 1027 699 1066 exhibebit
726 1029 941 1076 metallum,
968 1031 1096 1067 colore
1121 1030 1342 1079 griseo-cae·

227 1096 333 1136 ruleo
372 1097 575 1145 praeditum
595 1125 608 1143 ,
636 1096 876 1136 calefactione
905 1100 1055 1138 odorem
1092 1111 1268 1149 spargens
1293 1101 1346 1138 al·

224 1166 405 1215 liaceumg.
447 1166 578 1215 fragile
598 1195 612 1215 ‚
653 1166 775 1205 nitore
819 1170 1018 1216 splendens
1036 1197 1049 1216 ,
1077 1171 1122 1208 ad
1150 1170 1241 1208 ae'ris
1274 1171 1342 1209 im-

229 1235 360 1286 primis
415 1235 559 1273 humidi
620 1248 809 1276 accessum
866 1238 1068 1277 flavescens
1120 1239 1344 1289 nigrumque

229 1305 376 1342 tandem
403 1304 567 1342 colorem
591 1306 778 1345 assumens
794 1335 807 1353 ‚
834 1319 918 1344 cum
947 1308 1069 1346 eadem
1096 1309 1239 1348 ratione
1263 1321 1346 1348 mu-

229 1382 330 1411 tetur
350 1374 386 1411 in
400 1385 494 1421 aqua
522 1384 558 1413 et
579 1376 786 1423 Alcohole‚
802 1388 963 1424 quorum
981 1378 1146 1416 omnium
1169 1379 1315 1418 actione
1330 1405 1345 1427 ,

229 1444 446 1485 attrahendo
462 1444 660 1494 Oxygenio
687 1445 724 1483 in
738 1448 991 1496 protoxydum
1010 1448 1241 1487 convertitur
1256 1448 1343 1500 (1).

230 1514 378 1561 Metalli
399 1515 546 1562 pondus
568 1515 783 1563 specificum
811 1517 838 1555 B
852 1527 983 1564 ergm
998 1530 1017 1555 a
1031 1528 1093 1555 nn
1117 1526 1154 1557 et
1174 1518 1345 1558 Chris-

231 1582 375 1621 tison
403 1587 897 1634 statuunt8‚308‚sserz
915 1587 1048 1626 elius
1076 1598 1342 1639 5‚70,atque

233 1651 497 1702 Guibourt‚
540 1654 572 1693 si
607 1656 741 1694 caloris
772 1658 904 1706 gradus
945 1667 1049 1697 antea
1087 1660 1192 1698 valde
1229 1660 1341 1700 fuerit

1253 1743 1341 1770 auc·

273 1832 321 1873 (1)
347 1830 569 1865 Berzelius
592 1838 695 1865 tamen
714 1846 747 1866 se
772 1840 869 1868 semel
890 1841 1077 1873 observasse
1096 1847 1226 1880 monet,
1248 1844 1341 1875 frus-

230 1885 298 1915 tula
325 1885 478 1926 quaedam
493 1887 640 1918 Arsenici
664 1899 722 1928 per
737 1894 801 1921 tres
825 1902 923 1922 annos
947 1895 1022 1924 ae're
1035 1898 1147 1933 aperto
1160 1900 1318 1927 asservata
1331 1920 1342 1936 ,

231 1950 336 1979 neque
375 1940 480 1979 quoad
517 1943 734 1980 proprietates
772 1949 920 1977 externas
957 1958 1061 1988 neque
1086 1949 1192 1989 quoad
1215 1951 1342 1990 pondus

229 1992 327 2023 fuisse
351 1996 471 2022 mutata
498 1994 603 2034 (Arm.
624 1997 662 2025 de
685 1997 812 2029 Clzemie
834 2005 868 2030 et
887 2001 927 2031 de
946 2002 1050 2041 Phys.
1065 2002 1106 2033 T.
1123 2002 1187 2033 XI.
1199 2013 1235 2043 p·
1248 2004 1340 2046 240).

232 2046 323 2077 Idem
348 2046 415 2076 fere
442 2050 579 2078 testatur
612 2049 828 2091 Biichner,
864 2055 921 2094 qui
953 2056 1116 2087 metallum
1139 2067 1256 2096 purum
1282 2059 1340 2088 tali

229 2100 354 2133 ratione
380 2100 582 2140 Oxygeniurn
617 2105 747 2135 minime
783 2107 943 2139 attrahere
975 2109 1086 2142 statuit
1111 2110 1342 2154 (Repeti-fiir

227 2154 278 2184 a'ie
304 2154 441 2189 Pllccrm.
464 2154 564 2186 XXI.
587 2168 619 2197 p.
650 2153 717 2188 ²9)-
