1487 2625
253 219 302 255 66
474 213 1136 254 COMMENTATIO

301 324 433 362 Oleum
466 324 568 360 Petra
594 323 866 359 misceturcum
903 323 1222 359 Creosotoromni
1269 334 1355 370 pro-

251 393 434 440 portione.

734 537 770 583 §.
828 547 887 574 12.

302 697 361 735 De
388 696 548 735 Creosoti
573 699 752 738 relatione
774 700 827 737 acl
844 700 1026 750 producta
1044 692 1304 748 fermentatiu-

497 769 576 813 m's,
612 767 779 805 Chemica
808 777 893 805 arte
920 778 1081 806 mutata.

232 922 239 926 ’
299 921 439 959 Aether
470 920 679 958 Sulfuricus
712 922 888 960 miscetur
920 935 1003 961 cum
1027 925 1240 972 Creosoto‚
1276 937 1354 962 om·

248 990 285 1026 ni
319 989 574 1037 proportione.
632 990 805 1028 Aetheris
840 993 965 1030 acetici
991 994 1113 1030 eadem
1140 1003 1196 1032 est
1217 995 1324 1033 ratio.

735 1149 769 1194 §.
805 1160 862 1194 13.

299 1287 358 1324 De
385 1287 545 1325 Creosoti
571 1288 750 1324 relatione
777 1287 830 1324 ad
847 1289 1058 1338 producta,
1086 1301 1179 1338 quae
1204 1291 1302 1337 ignis

655 1359 694 1393 νὶ
711 1357 953 1403 formamur.

302 1504 607 1555 Naphthalinum
636 1505 822 1550 solvitur,
853 1505 992 1542 elevata
1017 1505 1259 1551 temperatura
1276 1530 1288 1549 ‚
1316 1503 1353 1539 in

183 1584 189 1587 ·
248 1574 463 1621 Cre0s0t0‚
512 1583 547 1610 et
587 1575 734 1620 quidem
781 1573 919 1621 duplici
960 1573 1162 1620 quantitate
1198 1571 1351 1609 adhibiti

249 1643 438 1682 Creosoti.
491 1643 589 1688 Sed,
632 1642 907 1691 refrigeratum,
948 1642 1119 1688 crystalla
1163 1640 1353 1677 formate

248 1712 448 1753 squtione.

297 1781 447 1832 Eupion
481 1781 608 1818 intime
645 1781 883 1829 conjunctum
910 1789 965 1816 cst
991 1792 1073 1834 cum
1103 1780 1290 1819 Creosot'o
1315 1781 1351 1816 in

245 1850 437 1898 productis
474 1852 592 1888 siccae
625 1850 908 1896 destinationis,
937 1852 995 1898 (et
1017 1851 1216 1887 solvuntur
1251 1849 1352 1886 omni

245 1921 521 1969 proportione).
594 1920 681 1970 Quo
727 1918 771 1958 fit
795 1948 806 1965 ‚
864 1927 904 1956 ut
965 1918 1144 1966 separatio
1203 1919 1349 1956 alterius

244 1988 406 2037 perfecta
453 1990 490 2026 in
529 1991 775 2038 praeparando
812 1991 924 2026 altero
972 1989 1103 2025 horum
1152 1975 1348 2035 corporum

243 2059 438 2096 admodum
477 2059 634 2096 difficilis
669 2059 716 2097 sit
750 2060 869 2098 labor.
925 2058 1067 2096 Humili
1109 2066 1348 2105 temperatura

243 2129 330 2166 haec
369 2129 522 2166 affinitas
560 2129 680 2166 minor
733 2138 802 2168 est.
870 2128 909 2166 Si
949 2128 1043 2165 enim
1087 2127 1168 2164 talis
1211 2127 1350 2163 solutio

243 2207 448 2246 exponatur
464 2207 727 2246 temperaturae
748 2202 791 2234 o0
806 2183 961 2235 Therm.
982 2197 1119 2244 centig.
1134 2225 1145 2238 .,
1171 2196 1245 2233 duo
1274 2194 1351 2232 for·

244 2277 389 2311 mantur
426 2276 532 2305 strata
552 2296 563 2314 ‚
607 2279 765 2315 quorum
798 2267 968 2313 superius
1003 2278 1045 2303 ex
1085 2265 1212 2312 Eupio
1232 2292 1243 2310 ,
1272 2275 1350 2312 par-

1271 2341 1348 2370 vam
