1487 2625
510 223 908 264 INTRODUCTIO.
1223 238 1238 264 1
1250 240 1265 265 1

206 333 389 380 Accedit,
430 334 533 381 quod
565 334 653 371 haec
692 344 748 371 res
786 344 862 371 non
900 335 944 371 ab
977 335 1077 372 omni
1109 336 1267 384 partium

152 401 282 444 'studio
302 404 423 442 -libera
447 403 520 441 sit:
560 403 621 441 alii
647 403 741 441 enim
761 432 773 449 ,
802 403 903 452 iique
927 404 1001 451 fere
1029 405 1073 442 de
1095 406 1272 453 religione

155 484 284 515 nostra
311 475 432 512 minus
459 474 551 512 bene
575 475 775 512 sentientes
793 503 805 521 ‚
841 476 995 513 summis
1026 476 1271 514 Socratem

155 540 595 594 ipsiusqtiefdoctrinaiii
629 543 799 582 laudibus
832 546 1070 592 extulerunt,
1110 558 1272 594 eumque

157 616 416 662 celebrarunt,
451 623 636 662 tamquam
671 614 708 651 in
743 626 819 661 quo
844 613 1008 662 perfecta
1033 617 1273 663 praestan-tiae

159 686 338 722 humanae
360 685 503 733 species
530 684 768 732 apparuerit3
796 685 884 732 alii,
913 686 1109 723 Christi
1139 687 1277 734 gloriae

157 756 352 793 consulere
375 754 447 792 sibi
472 755 542 792 visi
559 784 572 802 ‚
602 766 684 791 eum
708 754 818 792 nimis
843 756 1102 802 depresserunt
1118 784 1130 802 ,
1157 758 1276 804 quasi

157 825 302 863 scilicet
338 826 544 863 Christo
583 825 725 872 aliquid
765 825 1004 873 detrahatur,
1045 826 1077 863 si
1119 827 1275 866 aliorum

161 896 206 934 de
231 906 364 944 genere
390 896 553 934 humano
581 895 708 932 merita
734 904 998 943 agnoscantur.

211 965 384 1013 Denique
411 965 472 1011 ei,
511 965 578 1012 qui
614 965 843 1003 Platonis
882 966 1020 1013 scripta
1046 966 1276 1014 aliquantum

159 1035 273 1084 legit,
316 1043 351 1073 et
392 1047 475 1073 cum
513 1036 717 1073 Socrate
744 1035 941 1073 Platonico
968 1036 1276 1074 consuetudinem

159 1105 318 1152 aliquam
345 1105 561 1152 contraxit,
591 1107 722 1142 sedulo
748 1106 950 1143 cavendum
978 1116 1058 1153 est,
1085 1119 1131 1144 ne
1147 1108 1276 1146 Plato-

161 1178 247 1213 nica
265 1174 302 1211 in
325 1176 696 1222 Xenophontem
726 1175 883 1213 inferat:
916 1175 965 1212 ita
978 1176 1277 1226 Xenophontaum

164 1245 434 1290 Socratem,
475 1244 679 1292 simplicem
706 1245 836 1291 illum,
878 1245 1072 1293 sobrium,
1101 1247 1146 1283 ab
1176 1248 1279 1285 omni

162 1327 283 1352 rerum
320 1315 618 1351 absconditarum
656 1315 901 1362 inquisitione
930 1325 965 1353 et
989 1317 1193 1364 sophistica
1221 1330 1279 1355 ca-

160 1384 352 1422 villatione
386 1384 571 1428 alienum,
605 1384 890 1431 haudquaquam
926 1384 1107 1434 intelliget
1138 1389 1224 1436 (1).

213 1453 293 1491 Hae
321 1454 510 1500 aliaeque,
550 1464 641 1500 quas
669 1454 799 1491 addere
823 1466 973 1502 possem
990 1484 1002 1503 ,
1044 1457 1279 1495 difficultates

163 1535 222 1562 me
260 1535 348 1562 sane
389 1534 626 1562 revocassent
664 1524 709 1561 ab
750 1536 861 1571 opere
897 1525 1161 1573 suscipiendo,
1207 1527 1281 1566 nisi

162 1593 425 1643 cognovissem
450 1593 592 1631 animos
614 1594 773 1631 Vestros
789 1623 801 1640 ‚
831 1595 868 1631 in
889 1596 1045 1644 juvenes
1066 1609 1278 1645 propensos

164 1673 277 1711 atque
314 1663 456 1701 faciles.
539 1664 695 1701 Vestrae
732 1665 970 1703 humanitatis
1007 1675 1045 1703 et
1081 1669 1279 1715 aequitatis

163 1732 342 1781 cogitatio
370 1734 530 1770 animum
558 1734 701 1777 subiit,
731 1746 864 1781 meque
889 1733 1086 1783 incitavit3
1115 1748 1155 1776 ut
1182 1739 1279 1777 vires

169 1816 267 1841 meas
289 1813 419 1841 tenues
444 1815 645 1842 exercerem
671 1805 708 1842 in
733 1807 918 1843 tractanda
944 1807 1010 1844 hac
1033 1808 1276 1857 quaestione3

167 1874 434 1914 existimantem
486 1873 567 1912 fore
586 1903 598 1919 ,
654 1883 694 1911 ut
711 1903 724 1921 ,
783 1875 842 1911 sin
881 1876 1004 1914 minus
1050 1876 1148 1915 forte
1188 1879 1280 1916 mihi

166 1945 397 1993 contingeret
416 1973 429 1991 ‚
470 1956 566 1992 opus
615 1956 737 1982 meum
776 1945 940 1994 juvenile
989 1947 1112 1984 Vobis
1129 1976 1141 1994 ‚
1196 1948 1279 1986 Viri

166 2014 403 2069 Clarissimi!
442 2014 627 2062 probare,
657 2025 777 2052 tamen
807 2027 884 2052 non
909 2026 1021 2063 parva
1049 2015 1133 2055 inde
1153 2017 1191 2054 in
1220 2030 1278 2056 me

164 2086 382 2124 redundaret
414 2094 448 2122 ct
476 2085 669 2122 delectatio
697 2093 732 2121 et
761 2084 913 2123 utilitas.

1201 2177 1277 2215 Diu

208 2244 256 2284 (1)
295 2242 365 2273 Csr.
387 2242 439 2272 Cl.
463 2241 498 2271 P.
518 2252 550 2271 v.
572 2241 700 2271 Limb.
726 2241 920 2272 Brouwer
936 2264 944 2279 ‚
982 2253 1057 2272 over
1080 2243 1138 2273 het
1158 2246 1280 2276 onder-

168 2297 279 2326 scheid
310 2296 463 2326 tussclzen
495 2296 556 2324 den
593 2295 907 2336 Xenoplzontz'sclzen
953 2308 994 2326 en
1037 2297 1279 2329 Platonis-chen„

172 2350 343 2388 Socrates,
366 2349 398 2378 in
419 2358 494 2381 van
515 2347 695 2386 Rampen
709 2369 718 2385 ‚
740 2350 906 2392 Elagazffrz
931 2349 958 2379 Ι.
982 2349 1029 2381 hl.
1048 2350 1117 2382 515,
1140 2351 1224 2391 volg-
