1487 2625
388 211 980 256 THEOLOGICA.
1188 228 1236 268 33

123 320 219 358 xime
232 331 323 358 usus
339 321 542 368 adaptatam
559 333 641 359 esse
654 322 764 361 dicit:
782 323 819 361 id
833 332 954 363 autem
969 334 1012 362 ex
1025 334 1069 361 eo
1080 324 1233 372 probat,

121 400 222 436 non,
251 390 353 437 quod
380 391 466 428 haec
492 399 575 439 apta
602 392 653 429 sit
682 394 728 431 ad
758 393 971 433 excitandas
999 402 1036 432 et
1061 404 1234 433 exercen-

118 460 182 498 das
208 459 371 498 hominis
403 459 596 499 facultates
622 462 861 510 spirituales,
889 465 956 502 sed
990 464 1093 513 quod
1114 464 1232 502 homo

117 539 161 567 ex
182 540 222 567 ea
245 530 418 579 majorem
442 540 478 568 et
503 531 699 572 utilitatem
724 540 759 571 et
780 534 1008 582 voluptatem
1030 532 1230 581 percipiat,

114 610 224 648 quam
263 600 380 637 ullum
415 600 514 639 aliud
549 600 679 639 animal
696 603 780 651 (1).
858 602 1023 642 Maxima
1059 603 1233 642 universe

113 668 280 707 cernitur
303 668 535 717 singulorum
564 670 757 709 hominum
782 671 978 711 diversitas
1002 673 1039 712 in
1063 673 1231 721 ratione,

113 749 188 786 qua
212 749 333 776 rerum
361 748 527 777 naturam
542 741 855 789 contemplantur.
885 742 1154 791 Pythagora
1165 743 1234 790 ei,

111 809 218 847 verbi
247 821 382 854 causa,
423 820 545 848 rerum
578 819 743 849 naturam
777 811 1152 860 contemplabantur,
1192 822 1234 851 ut

113 878 329 917 universum
356 879 571 926 quoddam,
598 881 706 930 qu‘us
739 890 861 931 partes
898 881 1110 919 harmonice
1143 893 1234 920 con·

114 948 283 997 spirent,
313 949 408 987 unde
428 950 513 996 lyra
538 949 584 987 iis
607 959 683 988 erat
710 951 838 989 mundi
864 951 1095 1000 symbolum.
1136 952 1234 990 Em-

112 1018 358 1066 pedocles,
398 1019 590 1056 attendens
613 1021 658 1057 ad
684 1031 873 1069 pugnam,
902 1032 995 1068 quae
1023 1021 1060 1058 in
1091 1021 1233 1060 mundo

112 1087 361 1135 observatur,
386 1088 485 1125 hunc
522 1088 682 1126 habebat
716 1089 761 1126 ab
790 1089 999 1128 Inimicitia
1027 1087 1232 1135 effectum,

112 1157 197 1196 mali
224 1158 370 1203 sedem,
399 1156 551 1196 exilium
581 1158 782 1206 spirituum
800 1186 813 1204 ,
842 1158 909 1205 qui
946 1170 966 1196 a
1001 1159 1084 1196 Deo
1114 1156 1233 1196 desci-

112 1235 255 1265 verant.
333 1227 418 1265 Nos
459 1227 737 1266 Christiani
784 1228 961 1265 mundum
1005 1229 1234 1276 contempla-

112 1307 225 1344 mur,
263 1305 305 1333 ut
340 1295 543 1334 divinitatis
578 1296 788 1343 theatrum,
830 1297 973 1335 homini
1000 1298 1151 1343 datum,
1191 1305 1233 1334 ut

113 1367 193 1416 ejus
220 1378 292 1414 ope
315 1366 508 1404 facultates
532 1365 744 1414 spirituales
766 1374 949 1405 exerceat.
1005 1367 1231 1404 Socrates

112 1436 219 1475 etiam
260 1436 367 1484 priva
407 1447 474 1473 sua
518 1435 661 1473 ratione
703 1437 881 1474 mundum
930 1437 1229 1484 contemplaturi

112 1516 246 1554 nempe
272 1506 429 1543 attendit
457 1516 602 1554 semper
628 1506 672 1543 ad
700 1505 760 1552 id,
794 1517 902 1553 quam
929 1514 1013 1554 apte
1037 1507 1083 1543 ad
1113 1506 1234 1544 homi.

111 1577 171 1614 nis
196 1577 419 1627 voluptatem
448 1576 725 1625 utilitatemque
751 1575 953 1613 sensualem
992 1574 1042 1612 sit
1075 1586 1232 1622 compo-

111 1647 221 1685 situs.
296 1645 339 1683 In
373 1645 550 1692 homine,
592 1653 633 1682 ut
663 1644 779 1682 verbo
812 1645 958 1690 dicam,
997 1644 1231 1692 praecipuam

110 1716 236 1754 habetv
259 1723 397 1763 partem
445 1715 679 1761 sensualem,
720 1726 835 1762 quum
865 1726 950 1762 pars
977 1714 1138 1753 homi-nis
1169 1726 1233 1754 su*

110 1785 260 1824 bfinfior
299 1785 476 1822 inservste
515 1793 657 1822 tantuu1
695 1783 825 1821 debeat
863 1784 908 1821 ad
939 1785 1037 1823 iuius
1066 1795 1233 1822 conunos

112 1857 199 1894 dum
215 1855 511 1904 provehendum.
529 1855 712 1892 -Porro
743 1854 1015 1892 matrimonium
1043 1854 1235 1892 existimat

116 1927 248 1966 initum
291 1925 489 1962 liberorum
541 1924 850 1972 procreandorum
889 1935 1025 1970 causa3
1078 1924 1235 1961 societa-

115 2004 190 2034 tem
215 1995 359 2032 civilem
396 1993 521 2031 initam
540 2021 553 2039 ,
583 2002 624 2030 ut
655 1993 787 2038 singuli
815 2004 855 2030 se
881 1993 926 2030 ab
954 1993 1109 2030 aliorum
1138 1994 1235 2042 inju-

118 2066 181 2104 riis
208 2077 252 2102 eo
282 2065 413 2102 melius
441 2071 613 2101 tueantur
639 2063 724 2113 (2).
789 2062 929 2113 Quanti
957 2053 1063 2110 pretii
1093 2064 1142 2100 sit
1169 2064 1236 2101 bo..

1163 2144 1235 2171 nus

162 2229 212 2269 (ι)
235 2229 288 2261 Cf.
309 2231 407 2260 Mem.
430 2227 492 2259 1V.
514 2238 543 2258 c.
557 2228 587 2259 3.
610 2230 642 2270 §-
655 2237 707 2260 ιο.
729 2226 804 2257 coll.
820 2225 849 2257 1.
871 2205 947 2260 c.4‚
972 2228 999 2264 S,
1021 2225 1132 2257 11-15.

162 2282 209 2321 (a)
232 2284 329 2312 Mem.
353 2281 400 2313 11.
423 2292 451 2312 c.
465 2291 492 2311 ι.
518 2283 544 2318 S.
559 2281 590 2312 4.
610 2281 718 2310 -11.
732 2290 762 2311 c.
776 2289 806 2314 ι.
831 2277 861 2318 ἕ.
875 2279 925 2311 14.
947 2277 1024 2312 coll.
1048 2289 1079 2310 e.
1100 2278 1130 2309 5.
1146 2282 1173 2320 §-
1187 2288 1218 2313 2.

172 2348 302 2375 GRAT.
664 2334 697 2372 C
