1487 2625
508 195 877 233 MEDICA..
1205 207 1250 242 59

138 307 216 347 fere
237 315 381 355 semper
406 303 522 351 affici,
563 303 644 342 sive
669 313 852 341 venenum
876 305 977 342 intus
997 301 1111 342 fuerit
1146 313 1250 343 sum,

137 386 217 416 tum
254 377 313 415 vel
351 385 458 415 extus
483 379 702 425 admotum,
739 377 777 414 in
814 384 974 421 eumque
1010 372 1102 412 illud
1133 374 1248 422 vulgo

136 447 320 487 actionem
344 459 447 487 suam
473 459 638 487 exserere
664 447 912 497 praecipuam.

625 589 664 637 §-
706 600 766 636 ¹5·

187 728 385 778 Expositis
410 729 527 778 signis
557 727 805 778 pathologicis
823 756 835 774 ‚
863 728 902 766 in
938 725 1095 776 singulis
1116 736 1251 775 corpo-

139 798 191 837 ris
225 799 391 847 partibus
415 808 505 848 post
534 807 691 837 mortem
718 797 868 845 obviis,
896 805 1068 847 superest
1097 805 1138 835 ut
1160 807 1252 846 pau-

136 868 192 906 cis
216 879 396 918 exponam
424 869 649 907 mutationes
666 897 679 916 ‚
716 879 808 916 quas
839 876 928 916 post
965 875 1121 906 mortem
1147 866 1251 904 cada-

136 949 223 977 vera
240 939 403 977 subeunt
419 967 433 987 ,
461 950 630 987 quaeque
652 947 821 989 spectant
842 949 969 977 eorum
995 938 1247 977 conditionem

136 1009 252 1058 magis
271 1010 489 1059 generalem.

189 1079 401 1128 Scriptores
425 1079 555 1127 enim,
584 1079 650 1127 qui
691 1079 822 1117 effecta
851 1077 1023 1117 Arsenici
1044 1077 1083 1115 in
1110 1088 1248 1126 corpus

136 1149 337 1189 humanum
352 1149 496 1199 pridem
517 1149 809 1188 observaverunt
824 1177 837 1196 ,
865 1150 902 1187 in
926 1161 970 1187 eo
992 1149 1248 1196 conveniunt,

139 1220 243 1268 quod
290 1221 464 1259 cadavera
508 1231 654 1258 veneno
703 1219 835 1257 nostro
879 1229 1126 1267 peremtorum
1167 1219 1248 1257 aliis

138 1291 257 1328 multo
283 1289 394 1328 citius
425 1291 463 1327 in
505 1290 736 1338 putredinem
765 1291 924 1338 abeant,
967 1302 1123 1338 eamque
1149 1302 1249 1329 sum-

138 1370 250 1398 mam.
311 1358 548 1398 Documento
593 1360 669 1398 sint
700 1360 848 1398 Fores
863 1360 929 1408 ti,
978 1360 1016 1398 H
1033 1359 1160 1399 offm
1175 1372 1250 1400 an-

137 1429 218 1476 ni,
247 1428 477 1468 Platneri
512 1429 745 1477 aliorumque
776 1430 1030 1467 testimonium
1061 1431 1135 1469 fide
1170 1431 1251 1480 dig-

140 1499 352 1538 nissimum.
383 1499 523 1537 Verum
541 1499 690 1537 eandem
715 1500 949 1547 protulerunt
969 1500 1144 1549 deinceps
1167 1512 1250 1539 sen-

138 1569 289 1607 tentiam
322 1568 656 1606 Hahnemann
679 1596 693 1616 ,
735 1568 940 1608 Gmelin
967 1599 980 1618 ,
1022 1571 1248 1620 Plenck,

137 1638 387 1687 Metzger
424 1646 460 1676 et
485 1638 824 1688 Johnstone‚
861 1640 926 1687 qui
960 1640 1113 1690 insuper
1139 1643 1251 1680 celer-

140 1707 266 1746 rimam
306 1709 521 1747 cadaverum
547 1709 778 1757 putredinem
808 1719 993 1758 tamquam
1018 1720 1158 1750 certum
1189 1726 1250 1752 ex-

137 1777 340 1818 hibuerunt
364 1779 535 1817 veneficii
557 1779 768 1818 arsenicalis
795 1781 962 1828 signum.

187 1847 267 1887 Alii
290 1859 379 1887 vero
418 1848 523 1887 aliam
550 1849 764 1888 tribuerunt
803 1851 984 1889 Arsenico
1023 1852 1247 1901 efficaciam,

138 1928 291 1966 eamque
305 1929 325 1955 a
345 1917 463 1965 priori
482 1919 587 1956 valde
606 1918 787 1956 diversam
804 1947 817 1963 ,
838 1930 921 1957 cum
948 1928 1177 1970 statuerent,
1192 1933 1252 1960 ca-

137 1988 269 2027 davera
300 1987 481 2027 Arsenico
529 1987 809 2027 interfectorum
843 1989 958 2027 solito
997 1989 1138 2029 diutius
1173 2002 1251 2030 non

137 2065 281 2095 tantum
312 2057 542 2106 putredinini
567 2058 762 2106 resistere,
801 2060 868 2097 sed
894 2059 1072 2107 singulari
1107 2061 1251 2101 ratione

139 2127 374 2167 indurescere
395 2127 628 2177 formamque
649 2140 874 2168 assummere
897 2138 934 2168 et
959 2130 1252 2180 incorruptibili-

140 2206 252 2236 tatem
271 2199 546 2238 mummiarum.
600 2199 707 2238 Plura
730 2199 826 2239 enim
855 2211 1059 2240 occurrunt
1078 2202 1250 2242 veneficii

142 2269 261 2311 nostri
285 2270 473 2320 exempla,
502 2281 596 2320 quae
619 2267 718 2310 >illud
740 2271 1033 2320 phaemomenon
1057 2272 1248 2313 observari

1168 2355 1247 2384 om·
