1487 2625
487 177 896 219 CHEMICA-
1193 191 1238 226 19

179 298 219 332 4.
251 286 466 325 Alembicus
482 296 657 331 stanneus
671 296 908 336 amoveatur3
931 295 1100 336 potassae
1115 288 1234 328 Creo-

129 355 295 402 soticae‚
327 357 365 394 in
394 365 529 395 retorta
556 345 786 403 remanenti,
819 357 1061 396 admisceatur
1088 358 1234 405 quanti-

130 433 185 463 tas
207 426 298 464 acidi
324 428 531 475 sulphurici
556 428 688 474 diluti,
716 428 765 465 ita
789 436 832 464 ut
854 427 997 465 acidum
1022 428 1231 476 aliquomo-

127 495 177 532 do
193 498 411 544 praevaleat.
454 499 590 544 Nunc‚
619 509 748 536 rursus
760 497 926 536 adhibito
938 497 1117 535 alembico
1130 506 1230 535 stan-

125 575 220 612 ne0‚
250 566 483 614 destinetur,
520 568 692 615 quamdiu
728 569 848 605 oleum
884 576 1056 605 transeat.
1110 567 1231 606 Tran-

123 635 222 673 siens
246 648 341 683 aqua
365 648 496 679 rursus
521 638 558 675 in
586 627 759 675 retortam
794 637 1002 687 injiciatur3
1035 637 1230 685 colligatur

121 704 358 743 solummodo
381 707 500 745 Creo
512 717 664 744 sotum
693 708 896 754 impurum.

174 785 212 823 5.
264 774 306 812 In
332 785 466 813 retorta
488 788 581 824 pura
605 775 811 814 destilletur
835 776 1121 815 Creosotum
1146 777 1226 813 col-³

120 844 282 891 lectum,
304 856 386 882 cum
413 857 507 894 aqua
529 858 620 894 pura
646 855 709 883 aut
733 858 828 893 aqua
856 847 1031 885 Creoso
1043 847 1078 884 ti
1094 878 1105 893 ‚
1130 858 1224 895 quae
1244 842 1249 844 ’

121 914 295 951 remansit
331 927 374 953 ex
408 916 641 963 praecedenti
680 915 910 963 operatione.
962 917 1131 954 Addatur
1160 929 1224 954 au-

119 991 191 1020 tem
217 995 329 1031 parva
350 985 534 1032 quantitas
551 984 671 1023 lixivii
688 996 858 1033 porassae
870 985 1064 1027 causticae.
1104 985 1225 1024 Tran-

118 1051 168 1089 sit
195 1052 243 1091 ita
272 1054 583 1102 Creosotum,
617 1066 702 1092 cum
732 1057 846 1103 parva
872 1066 989 1103 aquae
1017 1056 1222 1103 quantitate

116 1123 373 1173 conjunctum.

166 1195 204 1232 6.
256 1193 397 1231 Ultima
423 1192 588 1240 operatio
612 1204 656 1230 eo
681 1193 861 1240 inservit,
888 1203 930 1231 ut
956 1206 1050 1242 aqua
1077 1206 1222 1243 separe-

117 1271 179 1300 tur
197 1274 217 1299 a
241 1263 499 1300 Creosoto.
564 1262 625 1301 Ad
654 1262 726 1300 hoc
753 1271 873 1300 autem
889 1290 902 1310 ‚
927 1273 1104 1311 quantum
1131 1277 1221 1312 pos-

117 1332 195 1377 sit,
229 1330 486 1378 efficiendum,
522 1331 738 1385 instituatur
772 1332 971 1370 destillatio
1007 1332 1045 1370 in
1083 1342 1221 1373 retorta

117 1401 256 1447 vitrea,
283 1408 319 1438 et
341 1399 520 1448 recipiens
541 1409 723 1447 mutetur,
745 1401 919 1446 quamdiu
938 1413 1032 1449 aqua
1044 1410 1219 1440 transeat.

117 1471 272 1514 Retorta
306 1479 428 1509 autem
467 1470 598 1507 balneo
640 1482 768 1508 arenae
803 1471 1030 1518 imponatur.
1105 1472 1221 1510 Calor

117 1541 222 1578 etiam
247 1539 368 1578 afferri
393 1549 518 1588 potest
545 1552 616 1588 ope
641 1539 818 1588 lampadis
844 1541 1081 1578 alcoholicae.
1122 1541 1221 1581 Ulti-

115 1622 172 1647 ma
196 1610 393 1647 destillatIO
424 1610 584 1647 iteranda
620 1618 702 1655 est,
733 1611 765 1647 si
804 1610 1090 1648 Creosotum
1129 1600 1221 1648 ae'ris

115 1688 288 1718 contactu
314 1680 570 1718 rubescentem
591 1680 746 1727 accipiat
771 1681 948 1717 colorem.

168 1750 272 1787 I-lanc
312 1758 431 1788 autem
470 1750 708 1798 praeparandi
749 1749 960 1787 methodum
994 1734 1082 1786 cum
1113 1750 1218 1787 Reie

116 1818 463 1857 chenbaehiana
489 1829 771 1867 comparantes,
799 1820 1059 1868 intelligimus,
1089 1820 1220 1856 dison..-

116 1899 199 1926 men
215 1917 228 1935 ‚
250 1896 502 1936 praeterquam
529 1889 565 1926 in
590 1888 848 1926 destinationis
870 1897 1074 1935 apparatu,
1102 1889 1219 1934 potis-

114 1960 248 1997 simum
272 1959 309 1996 in
334 1970 377 1995 eo
400 1958 528 2005 cerni,
564 1959 667 2005 quod
703 1959 862 1995 Simon
896 1958 1051 2004 separari
1080 1958 1217 2004 eupion

116 2031 225 2068 docet
270 2040 347 2066 non
389 2036 530 2065 tantum
574 2027 762 2065 solutione
804 2026 842 2064 in
878 2027 1012 2063 lixivio
1049 2036 1220 2073 potassae

114 2102 319 2145 causticae,
345 2106 382 2135 et
408 2097 670 2142 calefactione,
700 2097 791 2133 aeris
814 2096 999 2132 contactui
1023 2096 1217 2142 exposita,

116 2169 181 2206 sed
206 2180 293 2206 vero
316 2167 597 2206 destillationem
623 2178 703 2203 esse
722 2165 986 2211 adhibendam,
1010 2173 1045 2202 et
1069 2165 1216 2212 quidem

116 2239 208 2275 hanc
235 2238 283 2274 ob
306 2249 476 2283 causam,
511 2236 612 2283 quod
641 2235 808 2275 lixivium
838 2244 1006 2284 potassae
1038 2234 1220 2272 causticae

619 2305 646 2343 Β
663 2319 687 2343 2
1082 2313 1083 2316 ’
1160 2315 1219 2341 ce-
