<?xml version="1.0" encoding="UTF-8"?>
<!DOCTYPE html PUBLIC "-//W3C//DTD XHTML 1.0 Transitional//EN"
    "http://www.w3.org/TR/xhtml1/DTD/xhtml1-transitional.dtd">
<html xmlns="http://www.w3.org/1999/xhtml" xml:lang="en" lang="en">
 <head>
  <title>
</title>
<meta http-equiv="Content-Type" content="text/html;charset=utf-8" />
  <meta name='ocr-system' content='tesseract 3.04.00' />
  <meta name='ocr-capabilities' content='ocr_page ocr_carea ocr_par ocr_line ocrx_word'/>
</head>
<body>
  <div class='ocr_page' id='page_1' title='image "annalesacademiae35rhen_0430.png"; bbox 0 0 1487 2625; ppageno 0'>
   <div class='ocr_carea' id='block_1_1' title="bbox 203 208 1088 248">
    <p class='ocr_par' dir='ltr' id='par_1_1' title="bbox 203 208 1088 248">
     <span class='ocr_line' id='line_1_1' title="bbox 203 208 1088 248; baseline 0 0"><span class='ocrx_word' id='word_1_1' title='bbox 203 213 249 248; x_wconf 89' lang='lat'><strong>80</strong></span> <span class='ocrx_word' id='word_1_2' title='bbox 427 208 1088 248; x_wconf 88' lang='lat' dir='ltr'><strong>COMMENTATIO</strong></span> 
     </span>
    </p>
   </div>
   <div class='ocr_carea' id='block_1_2' title="bbox 201 317 1315 2038">
    <p class='ocr_par' dir='ltr' id='par_1_2' title="bbox 201 317 1315 1973">
     <span class='ocr_line' id='line_1_2' title="bbox 205 317 1306 366; baseline -0.001 -9"><span class='ocrx_word' id='word_1_3' title='bbox 205 347 228 366; x_wconf 88' lang='lat'><strong>,‚</strong></span> <span class='ocrx_word' id='word_1_4' title='bbox 255 318 368 357; x_wconf 86' lang='lat' dir='ltr'><strong>dum:</strong></span> <span class='ocrx_word' id='word_1_5' title='bbox 418 318 550 366; x_wconf 85' lang='lat' dir='ltr'><strong>reliqui</strong></span> <span class='ocrx_word' id='word_1_6' title='bbox 585 317 679 355; x_wconf 73' lang='lat' dir='ltr'><strong>enim</strong></span> <span class='ocrx_word' id='word_1_7' title='bbox 733 317 820 364; x_wconf 86' lang='lat' dir='ltr'><strong>Dii,</strong></span> <span class='ocrx_word' id='word_1_8' title='bbox 871 318 934 365; x_wconf 92' lang='lat' dir='ltr'><strong>qui</strong></span> <span class='ocrx_word' id='word_1_9' title='bbox 974 319 1084 356; x_wconf 91' lang='lat' dir='ltr'><strong>nobis</strong></span> <span class='ocrx_word' id='word_1_10' title='bbox 1128 317 1306 357; x_wconf 83' lang='lat' dir='ltr'><strong>beneficia</strong></span> 
     </span>
     <span class='ocr_line' id='line_1_3' title="bbox 203 386 1309 438; baseline 0 -12"><span class='ocrx_word' id='word_1_11' title='bbox 203 420 227 437; x_wconf 82' lang='lat'><strong>‚‚</strong></span> <span class='ocrx_word' id='word_1_12' title='bbox 255 389 455 438; x_wconf 78' lang='lat' dir='ltr'><strong>praebent,</strong></span> <span class='ocrx_word' id='word_1_13' title='bbox 494 398 682 435; x_wconf 87' lang='lat' dir='ltr'><strong>nunquam</strong></span> <span class='ocrx_word' id='word_1_14' title='bbox 722 388 793 424; x_wconf 93' lang='lat' dir='ltr'><strong>hoc</strong></span> <span class='ocrx_word' id='word_1_15' title='bbox 841 386 980 425; x_wconf 82' lang='lat' dir='ltr'><strong>faciunt</strong></span> <span class='ocrx_word' id='word_1_16' title='bbox 1020 389 1136 434; x_wconf 82' lang='lat' dir='ltr'><strong>palam</strong></span> <span class='ocrx_word' id='word_1_17' title='bbox 1173 389 1309 435; x_wconf 89' lang='lat' dir='ltr'><strong>prode-</strong></span> 
     </span>
     <span class='ocr_line' id='line_1_4' title="bbox 205 457 1306 505; baseline 0.001 -10"><span class='ocrx_word' id='word_1_18' title='bbox 205 486 228 505; x_wconf 84' lang='lat'><strong>„</strong></span> <span class='ocrx_word' id='word_1_19' title='bbox 256 467 390 504; x_wconf 82' lang='lat' dir='ltr'><strong>untes3</strong></span> <span class='ocrx_word' id='word_1_20' title='bbox 429 466 464 494; x_wconf 88' lang='lat' dir='ltr'><strong>et</strong></span> <span class='ocrx_word' id='word_1_21' title='bbox 498 457 624 503; x_wconf 76' lang='lat' dir='ltr'><strong>illius,</strong></span> <span class='ocrx_word' id='word_1_22' title='bbox 664 457 727 505; x_wconf 88' lang='lat' dir='ltr'><strong>qui</strong></span> <span class='ocrx_word' id='word_1_23' title='bbox 760 468 869 494; x_wconf 90' lang='lat' dir='ltr'><strong>omne</strong></span> <span class='ocrx_word' id='word_1_24' title='bbox 908 457 1120 495; x_wconf 87' lang='lat' dir='ltr'><strong>universum</strong></span> <span class='ocrx_word' id='word_1_25' title='bbox 1161 457 1306 496; x_wconf 85' lang='lat' dir='ltr'><strong>ordinat</strong></span> 
     </span>
     <span class='ocr_line' id='line_1_5' title="bbox 205 526 1305 576; baseline 0.001 -12"><span class='ocrx_word' id='word_1_26' title='bbox 205 555 228 575; x_wconf 85' lang='lat'>„</span> <span class='ocrx_word' id='word_1_27' title='bbox 254 538 289 565; x_wconf 90' lang='lat' dir='ltr'><strong>et</strong></span> <span class='ocrx_word' id='word_1_28' title='bbox 321 527 513 574; x_wconf 78' lang='lat' dir='ltr'><strong>continet,</strong></span> <span class='ocrx_word' id='word_1_29' title='bbox 553 532 755 565; x_wconf 86' lang='lat' dir='ltr'><strong>cernuntur</strong></span> <span class='ocrx_word' id='word_1_30' title='bbox 792 526 941 574; x_wconf 85' lang='lat' dir='ltr'><strong>quidem</strong></span> <span class='ocrx_word' id='word_1_31' title='bbox 978 527 1131 564; x_wconf 84' lang='lat' dir='ltr'><strong>maxima</strong></span> <span class='ocrx_word' id='word_1_32' title='bbox 1167 529 1305 576; x_wconf 81' lang='lat' dir='ltr'><strong>opera,</strong></span> 
     </span>
     <span class='ocr_line' id='line_1_6' title="bbox 204 595 1308 644; baseline -0.001 -10"><span class='ocrx_word' id='word_1_33' title='bbox 204 625 227 644; x_wconf 84' lang='lat'><strong>„</strong></span> <span class='ocrx_word' id='word_1_34' title='bbox 254 597 318 634; x_wconf 90' lang='lat' dir='ltr'><strong>sed</strong></span> <span class='ocrx_word' id='word_1_35' title='bbox 343 596 423 644; x_wconf 90' lang='lat' dir='ltr'><strong>ipse</strong></span> <span class='ocrx_word' id='word_1_36' title='bbox 450 596 536 642; x_wconf 86' lang='lat' dir='ltr'><strong>ille,</strong></span> <span class='ocrx_word' id='word_1_37' title='bbox 574 595 639 642; x_wconf 87' lang='lat' dir='ltr'><strong>qui</strong></span> <span class='ocrx_word' id='word_1_38' title='bbox 664 596 751 633; x_wconf 85' lang='lat' dir='ltr'><strong>haec</strong></span> <span class='ocrx_word' id='word_1_39' title='bbox 778 596 950 644; x_wconf 73' lang='lat' dir='ltr'>operatur</span> <span class='ocrx_word' id='word_1_40' title='bbox 973 623 986 642; x_wconf 81' lang='lat'>‚</span> <span class='ocrx_word' id='word_1_41' title='bbox 1021 606 1097 633; x_wconf 92' lang='lat' dir='ltr'><strong>non</strong></span> <span class='ocrx_word' id='word_1_42' title='bbox 1122 595 1308 644; x_wconf 86' lang='lat' dir='ltr'><strong>conspici-</strong></span> 
     </span>
     <span class='ocr_line' id='line_1_7' title="bbox 203 665 1309 715; baseline -0.003 -10"><span class='ocrx_word' id='word_1_43' title='bbox 203 697 226 715; x_wconf 83' lang='lat'><strong>„</strong></span> <span class='ocrx_word' id='word_1_44' title='bbox 254 667 463 715; x_wconf 82' lang='lat' dir='ltr'><strong>tur.”(1).</strong></span> <span class='ocrx_word' id='word_1_45' title='bbox 518 666 662 705; x_wconf 85' lang='lat' dir='ltr'><strong>Deinde</strong></span> <span class='ocrx_word' id='word_1_46' title='bbox 699 666 797 703; x_wconf 87' lang='lat' dir='ltr'>addit</span> <span class='ocrx_word' id='word_1_47' title='bbox 824 667 986 713; x_wconf 81' lang='lat' dir='ltr'><strong>exempla</strong></span> <span class='ocrx_word' id='word_1_48' title='bbox 1014 667 1136 713; x_wconf 89' lang='lat' dir='ltr'><strong>solis,</strong></span> <span class='ocrx_word' id='word_1_49' title='bbox 1176 665 1309 713; x_wconf 86' lang='lat' dir='ltr'><strong>venti,</strong></span> 
     </span>
     <span class='ocr_line' id='line_1_8' title="bbox 202 735 1308 784; baseline 0 -10"><span class='ocrx_word' id='word_1_50' title='bbox 202 736 396 783; x_wconf 81' lang='lat' dir='ltr'><strong>fulminis,</strong></span> <span class='ocrx_word' id='word_1_51' title='bbox 433 745 474 773; x_wconf 88' lang='lat' dir='ltr'><strong>ut</strong></span> <span class='ocrx_word' id='word_1_52' title='bbox 512 744 634 784; x_wconf 85' lang='lat' dir='ltr'><strong>pateat</strong></span> <span class='ocrx_word' id='word_1_53' title='bbox 668 735 828 784; x_wconf 63' lang='lat' dir='ltr'><strong>&#39;plurima</strong></span> <span class='ocrx_word' id='word_1_54' title='bbox 866 747 975 782; x_wconf 90' lang='lat' dir='ltr'><strong>esse,</strong></span> <span class='ocrx_word' id='word_1_55' title='bbox 1013 746 1108 783; x_wconf 83' lang='lat' dir='ltr'><strong>quae</strong></span> <span class='ocrx_word' id='word_1_56' title='bbox 1133 736 1203 773; x_wconf 90' lang='lat' dir='ltr'><strong>etsi</strong></span> <span class='ocrx_word' id='word_1_57' title='bbox 1232 735 1308 774; x_wconf 89' lang='lat' dir='ltr'><strong>vim</strong></span> 
     </span>
     <span class='ocr_line' id='line_1_9' title="bbox 201 804 1308 852; baseline -0.003 -7"><span class='ocrx_word' id='word_1_58' title='bbox 201 808 396 845; x_wconf 86' lang='lat' dir='ltr'><strong>maximam</strong></span> <span class='ocrx_word' id='word_1_59' title='bbox 425 815 621 852; x_wconf 82' lang='lat' dir='ltr'>exserant,</span> <span class='ocrx_word' id='word_1_60' title='bbox 661 814 779 843; x_wconf 87' lang='lat' dir='ltr'><strong>tamen</strong></span> <span class='ocrx_word' id='word_1_61' title='bbox 815 805 983 852; x_wconf 78' lang='lat' dir='ltr'><strong>conspici</strong></span> <span class='ocrx_word' id='word_1_62' title='bbox 1014 805 1058 842; x_wconf 89' lang='lat' dir='ltr'><strong>ab</strong></span> <span class='ocrx_word' id='word_1_63' title='bbox 1093 804 1308 843; x_wconf 87' lang='lat' dir='ltr'><strong>hominibus</strong></span> 
     </span>
     <span class='ocr_line' id='line_1_10' title="bbox 201 874 1312 926; baseline -0.003 -11"><span class='ocrx_word' id='word_1_64' title='bbox 201 888 277 915; x_wconf 90' lang='lat' dir='ltr'><strong>non</strong></span> <span class='ocrx_word' id='word_1_65' title='bbox 299 876 459 926; x_wconf 85' lang='lat' dir='ltr'><strong>possint.</strong></span> <span class='ocrx_word' id='word_1_66' title='bbox 510 876 627 923; x_wconf 82' lang='lat' dir='ltr'><strong>Igitur</strong></span> <span class='ocrx_word' id='word_1_67' title='bbox 652 875 724 912; x_wconf 92' lang='lat' dir='ltr'><strong>hoc</strong></span> <span class='ocrx_word' id='word_1_68' title='bbox 749 875 860 912; x_wconf 88' lang='lat' dir='ltr'><strong>modo</strong></span> <span class='ocrx_word' id='word_1_69' title='bbox 883 874 1141 913; x_wconf 84' lang='lat' dir='ltr'><strong>ratiocinatur:</strong></span> <span class='ocrx_word' id='word_1_70' title='bbox 1175 902 1199 923; x_wconf 89' lang='lat'>„</span> <span class='ocrx_word' id='word_1_71' title='bbox 1218 875 1312 913; x_wconf 90' lang='lat' dir='ltr'><strong>For-</strong></span> 
     </span>
     <span class='ocr_line' id='line_1_11' title="bbox 205 943 1310 994; baseline -0.003 -10"><span class='ocrx_word' id='word_1_72' title='bbox 205 961 229 994; x_wconf 48' lang='grc' dir='ltr'><strong>ς,</strong></span> <span class='ocrx_word' id='word_1_73' title='bbox 256 957 349 984; x_wconf 88' lang='lat' dir='ltr'><strong>mam</strong></span> <span class='ocrx_word' id='word_1_74' title='bbox 396 947 559 984; x_wconf 79' lang='lat' dir='ltr'><strong>Deorum</strong></span> <span class='ocrx_word' id='word_1_75' title='bbox 597 955 673 982; x_wconf 93' lang='lat' dir='ltr'><strong>non</strong></span> <span class='ocrx_word' id='word_1_76' title='bbox 713 945 953 992; x_wconf 88' lang='lat' dir='ltr'><strong>quaerendam</strong></span> <span class='ocrx_word' id='word_1_77' title='bbox 994 952 1102 991; x_wconf 85' lang='lat' dir='ltr'><strong>esse,</strong></span> <span class='ocrx_word' id='word_1_78' title='bbox 1155 943 1204 981; x_wconf 90' lang='lat' dir='ltr'><strong>dii</strong></span> <span class='ocrx_word' id='word_1_79' title='bbox 1237 944 1310 993; x_wconf 86' lang='lat' dir='ltr'><strong>ipsi</strong></span> 
     </span>
     <span class='ocr_line' id='line_1_12' title="bbox 206 1014 1309 1063; baseline -0.001 -10"><span class='ocrx_word' id='word_1_80' title='bbox 206 1044 230 1063; x_wconf 78' lang='lat'><strong>‚,</strong></span> <span class='ocrx_word' id='word_1_81' title='bbox 257 1017 459 1053; x_wconf 88' lang='lat' dir='ltr'><strong>ostendunt</strong></span> <span class='ocrx_word' id='word_1_82' title='bbox 498 1026 570 1061; x_wconf 90' lang='lat' dir='ltr'><strong>eo,</strong></span> <span class='ocrx_word' id='word_1_83' title='bbox 605 1016 707 1062; x_wconf 90' lang='lat' dir='ltr'><strong>quod</strong></span> <span class='ocrx_word' id='word_1_84' title='bbox 733 1026 771 1052; x_wconf 90' lang='lat' dir='ltr'><strong>se</strong></span> <span class='ocrx_word' id='word_1_85' title='bbox 795 1015 897 1062; x_wconf 89' lang='lat' dir='ltr'><strong>ipsos</strong></span> <span class='ocrx_word' id='word_1_86' title='bbox 923 1026 998 1052; x_wconf 89' lang='lat' dir='ltr'><strong>non</strong></span> <span class='ocrx_word' id='word_1_87' title='bbox 1022 1014 1309 1062; x_wconf 87' lang='lat' dir='ltr'><strong>conspiciendos</strong></span> 
     </span>
     <span class='ocr_line' id='line_1_13' title="bbox 208 1084 1307 1133; baseline -0.001 -11"><span class='ocrx_word' id='word_1_88' title='bbox 208 1113 230 1132; x_wconf 84' lang='lat'><strong>,‚</strong></span> <span class='ocrx_word' id='word_1_89' title='bbox 254 1085 451 1133; x_wconf 83' lang='lat' dir='ltr'><strong>praebent:</strong></span> <span class='ocrx_word' id='word_1_90' title='bbox 482 1085 513 1122; x_wconf 95' lang='lat' dir='ltr'><strong>si</strong></span> <span class='ocrx_word' id='word_1_91' title='bbox 548 1095 682 1132; x_wconf 89' lang='lat' dir='ltr'><strong>nempe</strong></span> <span class='ocrx_word' id='word_1_92' title='bbox 712 1085 848 1122; x_wconf 84' lang='lat' dir='ltr'><strong>vellent</strong></span> <span class='ocrx_word' id='word_1_93' title='bbox 875 1094 1039 1122; x_wconf 87' lang='lat' dir='ltr'><strong>naturam</strong></span> <span class='ocrx_word' id='word_1_94' title='bbox 1062 1096 1163 1122; x_wconf 87' lang='lat' dir='ltr'><strong>suam</strong></span> <span class='ocrx_word' id='word_1_95' title='bbox 1190 1084 1307 1132; x_wconf 86' lang='lat' dir='ltr'><strong>ipsam</strong></span> 
     </span>
     <span class='ocr_line' id='line_1_14' title="bbox 207 1153 1309 1203; baseline 0 -11"><span class='ocrx_word' id='word_1_96' title='bbox 207 1183 231 1203; x_wconf 85' lang='lat'>„</span> <span class='ocrx_word' id='word_1_97' title='bbox 257 1155 301 1192; x_wconf 89' lang='lat' dir='ltr'><strong>ab</strong></span> <span class='ocrx_word' id='word_1_98' title='bbox 323 1154 539 1193; x_wconf 88' lang='lat' dir='ltr'><strong>hominibus</strong></span> <span class='ocrx_word' id='word_1_99' title='bbox 564 1155 768 1202; x_wconf 83' lang='lat' dir='ltr'><strong>cognosci,</strong></span> <span class='ocrx_word' id='word_1_100' title='bbox 807 1163 885 1192; x_wconf 89' lang='lat' dir='ltr'><strong>tum</strong></span> <span class='ocrx_word' id='word_1_101' title='bbox 911 1165 985 1191; x_wconf 88' lang='lat' dir='ltr'><strong>eam</strong></span> <span class='ocrx_word' id='word_1_102' title='bbox 1011 1153 1309 1202; x_wconf 80' lang='lat' dir='ltr'><strong>conspiciendam</strong></span> 
     </span>
     <span class='ocr_line' id='line_1_15' title="bbox 209 1223 1310 1273; baseline -0.002 -11"><span class='ocrx_word' id='word_1_103' title='bbox 209 1253 232 1272; x_wconf 89' lang='lat'><strong>,‚</strong></span> <span class='ocrx_word' id='word_1_104' title='bbox 259 1225 518 1273; x_wconf 87' lang='lat' dir='ltr'><strong>praeberent.”</strong></span> <span class='ocrx_word' id='word_1_105' title='bbox 581 1226 659 1263; x_wconf 91' lang='lat' dir='ltr'><strong>Nos</strong></span> <span class='ocrx_word' id='word_1_106' title='bbox 704 1224 817 1272; x_wconf 84' lang='lat' dir='ltr'><strong>igitur</strong></span> <span class='ocrx_word' id='word_1_107' title='bbox 862 1223 1089 1262; x_wconf 85' lang='lat' dir='ltr'><strong>diceremus:</strong></span> <span class='ocrx_word' id='word_1_108' title='bbox 1145 1225 1168 1269; x_wconf 74' lang='grc'><strong>’,,</strong></span> <span class='ocrx_word' id='word_1_109' title='bbox 1193 1223 1310 1271; x_wconf 86' lang='lat' dir='ltr'><strong>ipsam</strong></span> 
     </span>
     <span class='ocr_line' id='line_1_16' title="bbox 210 1292 1312 1342; baseline -0.003 -9"><span class='ocrx_word' id='word_1_110' title='bbox 210 1324 233 1342; x_wconf 83' lang='lat'><strong>‚‚</strong></span> <span class='ocrx_word' id='word_1_111' title='bbox 257 1304 419 1333; x_wconf 82' lang='lat' dir='ltr'><strong>naturam</strong></span> <span class='ocrx_word' id='word_1_112' title='bbox 445 1293 602 1333; x_wconf 90' lang='lat' dir='ltr'><strong>divinam</strong></span> <span class='ocrx_word' id='word_1_113' title='bbox 626 1304 702 1331; x_wconf 89' lang='lat' dir='ltr'><strong>non</strong></span> <span class='ocrx_word' id='word_1_114' title='bbox 722 1304 947 1340; x_wconf 86' lang='lat' dir='ltr'><strong>cognoscere</strong></span> <span class='ocrx_word' id='word_1_115' title='bbox 970 1304 1195 1341; x_wconf 80' lang='lat' dir='ltr'><strong>possumus,</strong></span> <span class='ocrx_word' id='word_1_116' title='bbox 1224 1292 1312 1340; x_wconf 84' lang='lat' dir='ltr'><strong>quia</strong></span> 
     </span>
     <span class='ocr_line' id='line_1_17' title="bbox 209 1362 1308 1411; baseline -0.004 -8"><span class='ocrx_word' id='word_1_117' title='bbox 209 1393 232 1411; x_wconf 82' lang='lat'><strong>„</strong></span> <span class='ocrx_word' id='word_1_118' title='bbox 258 1367 361 1403; x_wconf 90' lang='lat' dir='ltr'><strong>Deus</strong></span> <span class='ocrx_word' id='word_1_119' title='bbox 386 1376 461 1401; x_wconf 85' lang='lat' dir='ltr'><strong>eam</strong></span> <span class='ocrx_word' id='word_1_120' title='bbox 485 1374 561 1400; x_wconf 92' lang='lat' dir='ltr'><strong>non</strong></span> <span class='ocrx_word' id='word_1_121' title='bbox 586 1363 759 1411; x_wconf 86' lang='lat' dir='ltr'><strong>patefacit</strong></span> <span class='ocrx_word' id='word_1_122' title='bbox 787 1362 1050 1400; x_wconf 82' lang='lat' dir='ltr'><strong>hominibus.&#39;’</strong></span> <span class='ocrx_word' id='word_1_123' title='bbox 1099 1362 1185 1410; x_wconf 90' lang='lat' dir='ltr'><strong>Ipse</strong></span> <span class='ocrx_word' id='word_1_124' title='bbox 1216 1362 1308 1400; x_wconf 88' lang='lat' dir='ltr'><strong>adeo</strong></span> 
     </span>
     <span class='ocr_line' id='line_1_18' title="bbox 205 1432 1310 1484; baseline -0.003 -12"><span class='ocrx_word' id='word_1_125' title='bbox 205 1435 420 1472; x_wconf 87' lang='lat' dir='ltr'><strong>Socrates</strong></span> <span class='ocrx_word' id='word_1_126' title='bbox 447 1433 514 1472; x_wconf 86' lang='lat' dir='ltr'><strong>bac</strong></span> <span class='ocrx_word' id='word_1_127' title='bbox 542 1434 579 1471; x_wconf 91' lang='lat' dir='ltr'><strong>in</strong></span> <span class='ocrx_word' id='word_1_128' title='bbox 605 1444 643 1471; x_wconf 83' lang='lat' dir='ltr'><strong>re</strong></span> <span class='ocrx_word' id='word_1_129' title='bbox 665 1434 781 1471; x_wconf 88' lang='lat' dir='ltr'><strong>utitur</strong></span> <span class='ocrx_word' id='word_1_130' title='bbox 803 1433 917 1470; x_wconf 90' lang='lat' dir='ltr'><strong>verbo</strong></span> <span class='ocrx_word' id='word_1_131' title='bbox 937 1432 1209 1484; x_wconf 66' lang='lat' dir='ltr'><strong>patefac-tendi,</strong></span> <span class='ocrx_word' id='word_1_132' title='bbox 1237 1433 1310 1470; x_wconf 84' lang='lat' dir='ltr'><strong>alio</strong></span> 
     </span>
     <span class='ocr_line' id='line_1_19' title="bbox 205 1503 1313 1551; baseline -0.001 -10"><span class='ocrx_word' id='word_1_133' title='bbox 205 1506 361 1551; x_wconf 84' lang='lat' dir='ltr'><strong>quodam</strong></span> <span class='ocrx_word' id='word_1_134' title='bbox 388 1505 496 1549; x_wconf 90' lang='lat' dir='ltr'><strong>loco,</strong></span> <span class='ocrx_word' id='word_1_135' title='bbox 524 1516 543 1541; x_wconf 91' lang='lat' dir='ltr'><strong>e</strong></span> <span class='ocrx_word' id='word_1_136' title='bbox 559 1515 636 1551; x_wconf 90' lang='lat' dir='ltr'><strong>quo</strong></span> <span class='ocrx_word' id='word_1_137' title='bbox 665 1504 834 1541; x_wconf 86' lang='lat' dir='ltr'><strong>videmus</strong></span> <span class='ocrx_word' id='word_1_138' title='bbox 850 1531 862 1550; x_wconf 89' lang='lat'><strong>‚</strong></span> <span class='ocrx_word' id='word_1_139' title='bbox 888 1515 996 1551; x_wconf 92' lang='lat' dir='ltr'><strong>quam</strong></span> <span class='ocrx_word' id='word_1_140' title='bbox 1021 1504 1093 1540; x_wconf 81' lang='lat' dir='ltr'><strong>alte</strong></span> <span class='ocrx_word' id='word_1_141' title='bbox 1114 1503 1200 1540; x_wconf 85' lang='lat' dir='ltr'><strong>haec</strong></span> <span class='ocrx_word' id='word_1_142' title='bbox 1226 1513 1313 1540; x_wconf 87' lang='lat' dir='ltr'><strong>sen-</strong></span> 
     </span>
     <span class='ocr_line' id='line_1_20' title="bbox 206 1572 1315 1620; baseline -0.002 -8"><span class='ocrx_word' id='word_1_143' title='bbox 206 1575 318 1613; x_wconf 88' lang='lat' dir='ltr'><strong>tentia</strong></span> <span class='ocrx_word' id='word_1_144' title='bbox 371 1573 584 1612; x_wconf 86' lang='lat' dir='ltr'><strong>Socratis</strong></span> <span class='ocrx_word' id='word_1_145' title='bbox 637 1574 749 1610; x_wconf 82' lang='lat' dir='ltr'><strong>menti</strong></span> <span class='ocrx_word' id='word_1_146' title='bbox 788 1574 1009 1611; x_wconf 84' lang='lat' dir='ltr'><strong>inhaereret:</strong></span> <span class='ocrx_word' id='word_1_147' title='bbox 1077 1601 1101 1620; x_wconf 87' lang='lat'><strong>„</strong></span> <span class='ocrx_word' id='word_1_148' title='bbox 1125 1572 1315 1611; x_wconf 86' lang='lat' dir='ltr'><strong>Universe</strong></span> 
     </span>
     <span class='ocr_line' id='line_1_21' title="bbox 211 1642 1313 1690; baseline -0.001 -9"><span class='ocrx_word' id='word_1_149' title='bbox 211 1672 234 1690; x_wconf 88' lang='lat'><strong>,‚</strong></span> <span class='ocrx_word' id='word_1_150' title='bbox 262 1644 486 1681; x_wconf 87' lang='lat' dir='ltr'><strong>Socrates</strong></span> <span class='ocrx_word' id='word_1_151' title='bbox 523 1642 756 1680; x_wconf 89' lang='lat' dir='ltr'><strong>dissuadebat</strong></span> <span class='ocrx_word' id='word_1_152' title='bbox 793 1642 948 1680; x_wconf 85' lang='lat' dir='ltr'><strong>scrutari</strong></span> <span class='ocrx_word' id='word_1_153' title='bbox 987 1642 1187 1688; x_wconf 83' lang='lat' dir='ltr'><strong>coelestia,</strong></span> <span class='ocrx_word' id='word_1_154' title='bbox 1228 1654 1313 1690; x_wconf 55' lang='lat' dir='ltr'><strong>‘qua</strong></span> 
     </span>
     <span class='ocr_line' id='line_1_22' title="bbox 210 1712 1313 1761; baseline 0 -11"><span class='ocrx_word' id='word_1_155' title='bbox 210 1743 234 1761; x_wconf 85' lang='lat'>„</span> <span class='ocrx_word' id='word_1_156' title='bbox 261 1714 400 1751; x_wconf 86' lang='lat' dir='ltr'><strong>ratione</strong></span> <span class='ocrx_word' id='word_1_157' title='bbox 426 1715 527 1752; x_wconf 87' lang='lat' dir='ltr'><strong>Deus</strong></span> <span class='ocrx_word' id='word_1_158' title='bbox 565 1724 605 1750; x_wconf 85' lang='lat' dir='ltr'><strong>ea</strong></span> <span class='ocrx_word' id='word_1_159' title='bbox 641 1713 784 1758; x_wconf 83' lang='lat' dir='ltr'><strong>singula</strong></span> <span class='ocrx_word' id='word_1_160' title='bbox 807 1713 1038 1749; x_wconf 86' lang='lat' dir='ltr'><strong>moderetur:</strong></span> <span class='ocrx_word' id='word_1_161' title='bbox 1082 1712 1313 1750; x_wconf 83' lang='lat' dir='ltr'><strong>existimabat</strong></span> 
     </span>
     <span class='ocr_line' id='line_1_23' title="bbox 211 1782 1312 1833; baseline -0.003 -11"><span class='ocrx_word' id='word_1_162' title='bbox 211 1814 234 1833; x_wconf 87' lang='lat'>„</span> <span class='ocrx_word' id='word_1_163' title='bbox 261 1785 356 1822; x_wconf 88' lang='lat' dir='ltr'><strong>enim</strong></span> <span class='ocrx_word' id='word_1_164' title='bbox 373 1813 385 1830; x_wconf 85' lang='lat'><strong>.,</strong></span> <span class='ocrx_word' id='word_1_165' title='bbox 413 1795 532 1831; x_wconf 88' lang='lat' dir='ltr'><strong>neque</strong></span> <span class='ocrx_word' id='word_1_166' title='bbox 556 1782 735 1830; x_wconf 88' lang='lat' dir='ltr'><strong>cognosci</strong></span> <span class='ocrx_word' id='word_1_167' title='bbox 760 1783 803 1819; x_wconf 82' lang='lat' dir='ltr'><strong>ab</strong></span> <span class='ocrx_word' id='word_1_168' title='bbox 835 1782 1050 1819; x_wconf 90' lang='lat' dir='ltr'><strong>hominibus</strong></span> <span class='ocrx_word' id='word_1_169' title='bbox 1067 1783 1154 1819; x_wconf 88' lang='lat' dir='ltr'><strong>haec</strong></span> <span class='ocrx_word' id='word_1_170' title='bbox 1177 1792 1312 1829; x_wconf 77' lang='lat' dir='ltr'><strong>posse,</strong></span> 
     </span>
     <span class='ocr_line' id='line_1_24' title="bbox 214 1852 1314 1903; baseline -0.004 -10"><span class='ocrx_word' id='word_1_171' title='bbox 214 1882 238 1903; x_wconf 78' lang='lat'>„</span> <span class='ocrx_word' id='word_1_172' title='bbox 264 1865 330 1893; x_wconf 88' lang='lat' dir='ltr'><strong>nec</strong></span> <span class='ocrx_word' id='word_1_173' title='bbox 366 1863 508 1902; x_wconf 81' lang='lat' dir='ltr'><strong>gratum</strong></span> <span class='ocrx_word' id='word_1_174' title='bbox 533 1852 651 1891; x_wconf 84' lang='lat' dir='ltr'><strong>facere</strong></span> <span class='ocrx_word' id='word_1_175' title='bbox 678 1852 758 1891; x_wconf 90' lang='lat' dir='ltr'><strong>Diis</strong></span> <span class='ocrx_word' id='word_1_176' title='bbox 784 1863 892 1898; x_wconf 82' lang='lat' dir='ltr'><strong>eum,</strong></span> <span class='ocrx_word' id='word_1_177' title='bbox 930 1854 995 1900; x_wconf 90' lang='lat' dir='ltr'><strong>qui</strong></span> <span class='ocrx_word' id='word_1_178' title='bbox 1022 1852 1059 1888; x_wconf 93' lang='lat' dir='ltr'><strong>in</strong></span> <span class='ocrx_word' id='word_1_179' title='bbox 1085 1863 1126 1890; x_wconf 91' lang='lat' dir='ltr'><strong>ea</strong></span> <span class='ocrx_word' id='word_1_180' title='bbox 1150 1852 1314 1899; x_wconf 90' lang='lat' dir='ltr'><strong>inquire-</strong></span> 
     </span>
     <span class='ocr_line' id='line_1_25' title="bbox 217 1921 1314 1973; baseline -0.003 -10"><span class='ocrx_word' id='word_1_181' title='bbox 217 1955 240 1973; x_wconf 87' lang='lat'>„</span> <span class='ocrx_word' id='word_1_182' title='bbox 265 1935 346 1972; x_wconf 85' lang='lat' dir='ltr'><strong>ret,</strong></span> <span class='ocrx_word' id='word_1_183' title='bbox 385 1936 478 1972; x_wconf 89' lang='lat' dir='ltr'><strong>quae</strong></span> <span class='ocrx_word' id='word_1_184' title='bbox 514 1923 583 1971; x_wconf 84' lang='lat' dir='ltr'><strong>ipsi</strong></span> <span class='ocrx_word' id='word_1_185' title='bbox 617 1928 812 1973; x_wconf 65' lang='grc' dir='ltr'><strong>σαφηνῖσικι</strong></span> <span class='ocrx_word' id='word_1_186' title='bbox 836 1922 863 1960; x_wconf 90' lang='lat' dir='ltr'><strong>i.</strong></span> <span class='ocrx_word' id='word_1_187' title='bbox 892 1933 924 1959; x_wconf 90' lang='lat' dir='ltr'><strong>e.</strong></span> <span class='ocrx_word' id='word_1_188' title='bbox 951 1921 1164 1972; x_wconf 75' lang='lat' dir='ltr'><strong>patefacere</strong></span> <span class='ocrx_word' id='word_1_189' title='bbox 1183 1923 1314 1960; x_wconf 87' lang='lat' dir='ltr'><strong>nolue-</strong></span> 
     </span>
    </p>

    <p class='ocr_par' dir='ltr' id='par_1_3' title="bbox 1155 2001 1315 2038">
     <span class='ocr_line' id='line_1_26' title="bbox 1155 2001 1315 2038; baseline -0.006 -8"><span class='ocrx_word' id='word_1_190' title='bbox 1155 2019 1179 2038; x_wconf 89' lang='lat'>„</span> <span class='ocrx_word' id='word_1_191' title='bbox 1203 2001 1315 2038; x_wconf 82' lang='lat' dir='ltr'><strong>runt3</strong></span> 
     </span>
    </p>
   </div>
   <div class='ocr_carea' id='block_1_3' title="bbox 216 2113 1317 2218">
    <p class='ocr_par' dir='ltr' id='par_1_4' title="bbox 216 2113 1317 2218">
     <span class='ocr_line' id='line_1_27' title="bbox 257 2113 1317 2170; baseline -0.017 -9"><span class='ocrx_word' id='word_1_192' title='bbox 257 2131 304 2170; x_wconf 88' lang='grc' dir='ltr'><strong>(ι)</strong></span> <span class='ocrx_word' id='word_1_193' title='bbox 341 2130 437 2159; x_wconf 83' lang='lat' dir='ltr'><strong>Mem.</strong></span> <span class='ocrx_word' id='word_1_194' title='bbox 464 2125 525 2157; x_wconf 80' lang='lat' dir='ltr'><strong>lV·</strong></span> <span class='ocrx_word' id='word_1_195' title='bbox 550 2135 578 2155; x_wconf 85' lang='lat' dir='ltr'><strong>e.</strong></span> <span class='ocrx_word' id='word_1_196' title='bbox 605 2124 634 2155; x_wconf 80' lang='lat'><strong>3.</strong></span> <span class='ocrx_word' id='word_1_197' title='bbox 660 2126 693 2164; x_wconf 84' lang='lat'><strong>§.</strong></span> <span class='ocrx_word' id='word_1_198' title='bbox 720 2122 756 2152; x_wconf 83' lang='lat'><strong>13</strong></span> <span class='ocrx_word' id='word_1_199' title='bbox 773 2142 782 2158; x_wconf 83' lang='lat'>‚</span> <span class='ocrx_word' id='word_1_200' title='bbox 813 2120 862 2151; x_wconf 84' lang='lat'><strong>14.</strong></span> <span class='ocrx_word' id='word_1_201' title='bbox 908 2120 1002 2149; x_wconf 90' lang='lat' dir='ltr'><strong>Hunc</strong></span> <span class='ocrx_word' id='word_1_202' title='bbox 1030 2127 1152 2147; x_wconf 79' lang='lat' dir='ltr'><strong>sensum</strong></span> <span class='ocrx_word' id='word_1_203' title='bbox 1176 2113 1317 2154; x_wconf 78' lang='lat' dir='ltr'><strong>postulat</strong></span> 
     </span>
     <span class='ocr_line' id='line_1_28' title="bbox 216 2167 1316 2218; baseline -0.015 -6"><span class='ocrx_word' id='word_1_204' title='bbox 216 2187 387 2213; x_wconf 79' lang='lat' dir='ltr'><strong>contextus</strong></span> <span class='ocrx_word' id='word_1_205' title='bbox 422 2170 525 2218; x_wconf 32' lang='lat' dir='ltr'><strong>hujus*</strong></span> <span class='ocrx_word' id='word_1_206' title='bbox 553 2177 636 2214; x_wconf 89' lang='lat' dir='ltr'><strong>loci,</strong></span> <span class='ocrx_word' id='word_1_207' title='bbox 672 2175 728 2215; x_wconf 88' lang='lat' dir='ltr'><strong>qui</strong></span> <span class='ocrx_word' id='word_1_208' title='bbox 766 2177 936 2212; x_wconf 82' lang='lat' dir='ltr'><strong>corruptus</strong></span> <span class='ocrx_word' id='word_1_209' title='bbox 975 2171 1124 2206; x_wconf 84' lang='lat' dir='ltr'><strong>videtur,</strong></span> <span class='ocrx_word' id='word_1_210' title='bbox 1160 2172 1194 2197; x_wconf 81' lang='lat' dir='ltr'><strong>et</strong></span> <span class='ocrx_word' id='word_1_211' title='bbox 1219 2167 1316 2198; x_wconf 80' lang='lat' dir='ltr'><strong>variis</strong></span> 
     </span>
    </p>
   </div>
   <div class='ocr_carea' id='block_1_4' title="bbox 220 2220 1314 2322">
    <p class='ocr_par' dir='ltr' id='par_1_5' title="bbox 220 2220 1314 2322">
     <span class='ocr_line' id='line_1_29' title="bbox 225 2220 1314 2269; baseline -0.014 -4"><span class='ocrx_word' id='word_1_212' title='bbox 225 2237 381 2266; x_wconf 79' lang='lat' dir='ltr'><strong>Virorum</strong></span> <span class='ocrx_word' id='word_1_213' title='bbox 415 2235 596 2262; x_wconf 82' lang='lat' dir='ltr'><strong>Doctorum</strong></span> <span class='ocrx_word' id='word_1_214' title='bbox 645 2228 839 2269; x_wconf 70' lang='lat' dir='ltr'><strong>conjecturis</strong></span> <span class='ocrx_word' id='word_1_215' title='bbox 881 2230 1011 2258; x_wconf 75' lang='lat' dir='ltr'><strong>vexatus</strong></span> <span class='ocrx_word' id='word_1_216' title='bbox 1050 2229 1107 2253; x_wconf 87' lang='lat' dir='ltr'><strong>est.</strong></span> <span class='ocrx_word' id='word_1_217' title='bbox 1174 2221 1226 2253; x_wconf 79' lang='lat' dir='ltr'><strong>Cf.</strong></span> <span class='ocrx_word' id='word_1_218' title='bbox 1263 2220 1314 2250; x_wconf 81' lang='lat' dir='ltr'><strong>Cl.</strong></span> 
     </span>
     <span class='ocr_line' id='line_1_30' title="bbox 220 2282 630 2322; baseline -0.015 -4"><span class='ocrx_word' id='word_1_219' title='bbox 220 2285 452 2319; x_wconf 81' lang='lat' dir='ltr'><strong>Schneider</strong></span> <span class='ocrx_word' id='word_1_220' title='bbox 469 2305 478 2322; x_wconf 85' lang='lat'><em>,</em></span> <span class='ocrx_word' id='word_1_221' title='bbox 503 2284 539 2312; x_wconf 79' lang='lat' dir='ltr'><strong>ad</strong></span> <span class='ocrx_word' id='word_1_222' title='bbox 562 2284 593 2312; x_wconf 89' lang='lat' dir='ltr'><strong>h.</strong></span> <span class='ocrx_word' id='word_1_223' title='bbox 610 2282 630 2312; x_wconf 88' lang='lat' dir='ltr'><strong>l.</strong></span> 
     </span>
    </p>
   </div>
   <div class='ocr_carea' id='block_1_5' title="bbox 1483 22 1487 767">
    <p class='ocr_par' dir='ltr' id='par_1_6' title="bbox 1483 22 1487 767">
     <span class='ocr_line' id='line_1_31' title="bbox 1483 22 1487 767; baseline 0 0"><span class='ocrx_word' id='word_1_224' title='bbox 1483 22 1487 767; x_wconf 95' lang='lat' dir='ltr'><strong> </strong></span> 
     </span>
    </p>
   </div>
  </div>
 </body>
</html>
