<?xml version="1.0" encoding="UTF-8"?>
<!DOCTYPE html PUBLIC "-//W3C//DTD XHTML 1.0 Transitional//EN"
    "http://www.w3.org/TR/xhtml1/DTD/xhtml1-transitional.dtd">
<html xmlns="http://www.w3.org/1999/xhtml" xml:lang="en" lang="en">
 <head>
  <title>
</title>
<meta http-equiv="Content-Type" content="text/html;charset=utf-8" />
  <meta name='ocr-system' content='tesseract 3.04.00' />
  <meta name='ocr-capabilities' content='ocr_page ocr_carea ocr_par ocr_line ocrx_word'/>
</head>
<body>
  <div class='ocr_page' id='page_1' title='image "annalesacademiae35rhen_0077.png"; bbox 0 0 1487 2625; ppageno 0'>
   <div class='ocr_carea' id='block_1_1' title="bbox 489 169 1238 228">
    <p class='ocr_par' dir='ltr' id='par_1_1' title="bbox 489 169 1238 228">
     <span class='ocr_line' id='line_1_1' title="bbox 489 169 1238 228; baseline 0.019 -14"><span class='ocrx_word' id='word_1_1' title='bbox 489 169 871 219; x_wconf 84' lang='lat' dir='ltr'><strong>ORATIO.</strong></span> <span class='ocrx_word' id='word_1_2' title='bbox 1184 184 1238 228; x_wconf 80' lang='lat'><strong>33</strong></span> 
     </span>
    </p>
   </div>
   <div class='ocr_carea' id='block_1_2' title="bbox 26 299 1241 2361">
    <p class='ocr_par' dir='ltr' id='par_1_2' title="bbox 26 299 1241 2361">
     <span class='ocr_line' id='line_1_2' title="bbox 120 299 1233 369; baseline 0.02 -28"><span class='ocrx_word' id='word_1_3' title='bbox 120 299 413 346; x_wconf 76' lang='lat' dir='ltr'>recordatione</span> <span class='ocrx_word' id='word_1_4' title='bbox 440 311 584 349; x_wconf 84' lang='lat' dir='ltr'><strong>nostra</strong></span> <span class='ocrx_word' id='word_1_5' title='bbox 610 320 694 350; x_wconf 91' lang='lat' dir='ltr'><strong>non</strong></span> <span class='ocrx_word' id='word_1_6' title='bbox 718 309 853 354; x_wconf 84' lang='lat' dir='ltr'><strong>minus</strong></span> <span class='ocrx_word' id='word_1_7' title='bbox 874 326 999 369; x_wconf 89' lang='lat' dir='ltr'><strong>quam</strong></span> <span class='ocrx_word' id='word_1_8' title='bbox 1016 327 1233 362; x_wconf 86' lang='lat' dir='ltr'><strong>commen-</strong></span> 
     </span>
     <span class='ocr_line' id='line_1_3' title="bbox 30 374 1230 449; baseline 0.021 -34"><span class='ocrx_word' id='word_1_9' title='bbox 30 417 34 421; x_wconf 66' lang='lat'><strong>,</strong></span> <span class='ocrx_word' id='word_1_10' title='bbox 71 420 75 423; x_wconf 56' lang='grc'>,</span> <span class='ocrx_word' id='word_1_11' title='bbox 119 374 287 421; x_wconf 89' lang='lat' dir='ltr'><strong>datione</strong></span> <span class='ocrx_word' id='word_1_12' title='bbox 315 377 585 437; x_wconf 82' lang='lat' dir='ltr'><strong>dignissima3</strong></span> <span class='ocrx_word' id='word_1_13' title='bbox 615 383 719 429; x_wconf 88' lang='lat' dir='ltr'><strong>haec</strong></span> <span class='ocrx_word' id='word_1_14' title='bbox 746 387 822 431; x_wconf 89' lang='lat' dir='ltr'><strong>fuit</strong></span> <span class='ocrx_word' id='word_1_15' title='bbox 845 402 969 434; x_wconf 88' lang='lat' dir='ltr'><strong>causa</strong></span> <span class='ocrx_word' id='word_1_16' title='bbox 995 407 1101 449; x_wconf 86' lang='lat' dir='ltr'><strong>quac</strong></span> <span class='ocrx_word' id='word_1_17' title='bbox 1127 409 1230 439; x_wconf 72' lang='lat' dir='ltr'><strong>aca-</strong></span> 
     </span>
     <span class='ocr_line' id='line_1_4' title="bbox 118 450 1241 522; baseline 0.023 -29"><span class='ocrx_word' id='word_1_18' title='bbox 118 450 276 497; x_wconf 88' lang='lat' dir='ltr'><strong>demias</strong></span> <span class='ocrx_word' id='word_1_19' title='bbox 301 462 468 500; x_wconf 86' lang='lat' dir='ltr'><strong>nostras</strong></span> <span class='ocrx_word' id='word_1_20' title='bbox 497 472 545 501; x_wconf 84' lang='lat' dir='ltr'><strong>ex</strong></span> <span class='ocrx_word' id='word_1_21' title='bbox 571 462 712 517; x_wconf 84' lang='lat' dir='ltr'><strong>parvis</strong></span> <span class='ocrx_word' id='word_1_22' title='bbox 738 478 908 522; x_wconf 84' lang='lat' dir='ltr'><strong>magnas</strong></span> <span class='ocrx_word' id='word_1_23' title='bbox 938 468 1104 516; x_wconf 85' lang='lat' dir='ltr'><strong>faceret.</strong></span> <span class='ocrx_word' id='word_1_24' title='bbox 1139 468 1241 518; x_wconf 27' lang='lat' dir='ltr'><strong>Nec*</strong></span> 
     </span>
     <span class='ocr_line' id='line_1_5' title="bbox 78 531 1224 606; baseline 0.022 -37"><span class='ocrx_word' id='word_1_25' title='bbox 78 573 82 574; x_wconf 16' lang='lat'><em>⁷</em></span> <span class='ocrx_word' id='word_1_26' title='bbox 113 533 253 572; x_wconf 83' lang='lat' dir='ltr'><strong>tamen</strong></span> <span class='ocrx_word' id='word_1_27' title='bbox 279 531 436 589; x_wconf 87' lang='lat' dir='ltr'><strong>vulgari</strong></span> <span class='ocrx_word' id='word_1_28' title='bbox 457 533 703 582; x_wconf 73' lang='lat' dir='ltr'>liberalitate</span> <span class='ocrx_word' id='word_1_29' title='bbox 718 547 771 589; x_wconf 66' lang='lat' dir='ltr'><strong>,et</strong></span> <span class='ocrx_word' id='word_1_30' title='bbox 794 544 1041 600; x_wconf 88' lang='lat' dir='ltr'><strong>pecuniosa,</strong></span> <span class='ocrx_word' id='word_1_31' title='bbox 1068 547 1120 592; x_wconf 92' lang='lat' dir='ltr'><strong>de</strong></span> <span class='ocrx_word' id='word_1_32' title='bbox 1141 565 1224 606; x_wconf 87' lang='lat' dir='ltr'><strong>qua</strong></span> 
     </span>
     <span class='ocr_line' id='line_1_6' title="bbox 112 605 1223 669; baseline 0.022 -23"><span class='ocrx_word' id='word_1_33' title='bbox 112 605 423 662; x_wconf 84' lang='lat' dir='ltr'><strong>praediximus,</strong></span> <span class='ocrx_word' id='word_1_34' title='bbox 456 610 730 661; x_wconf 86' lang='lat' dir='ltr'><strong>defecerunt.·</strong></span> <span class='ocrx_word' id='word_1_35' title='bbox 771 616 869 662; x_wconf 89' lang='lat' dir='ltr'><strong>Fuit</strong></span> <span class='ocrx_word' id='word_1_36' title='bbox 906 621 1011 665; x_wconf 89' lang='lat' dir='ltr'><strong>adeo</strong></span> <span class='ocrx_word' id='word_1_37' title='bbox 1048 623 1152 669; x_wconf 88' lang='lat' dir='ltr'><strong>hacc</strong></span> <span class='ocrx_word' id='word_1_38' title='bbox 1180 626 1223 669; x_wconf 92' lang='lat' dir='ltr'><strong>in</strong></span> 
     </span>
     <span class='ocr_line' id='line_1_7' title="bbox 107 680 1221 747; baseline 0.022 -24"><span class='ocrx_word' id='word_1_39' title='bbox 107 680 190 725; x_wconf 85' lang='lat' dir='ltr'><strong>illis</strong></span> <span class='ocrx_word' id='word_1_40' title='bbox 222 685 431 740; x_wconf 85' lang='lat' dir='ltr'><strong>maxima,</strong></span> <span class='ocrx_word' id='word_1_41' title='bbox 460 689 533 732; x_wconf 89' lang='lat' dir='ltr'><strong>sed</strong></span> <span class='ocrx_word' id='word_1_42' title='bbox 569 690 803 737; x_wconf 87' lang='lat' dir='ltr'><strong>istiusmodi</strong></span> <span class='ocrx_word' id='word_1_43' title='bbox 837 704 883 739; x_wconf 93' lang='lat' dir='ltr'><strong>ut</strong></span> <span class='ocrx_word' id='word_1_44' title='bbox 914 711 1068 743; x_wconf 83' lang='lat' dir='ltr'><strong>nomen</strong></span> <span class='ocrx_word' id='word_1_45' title='bbox 1101 717 1221 747; x_wconf 86' lang='lat' dir='ltr'><strong>suum</strong></span> 
     </span>
     <span class='ocr_line' id='line_1_8' title="bbox 108 762 1219 833; baseline 0.02 -32"><span class='ocrx_word' id='word_1_46' title='bbox 108 764 318 814; x_wconf 85' lang='lat' dir='ltr'><strong>tueretur,</strong></span> <span class='ocrx_word' id='word_1_47' title='bbox 351 776 486 820; x_wconf 91' lang='lat' dir='ltr'><strong>neque</strong></span> <span class='ocrx_word' id='word_1_48' title='bbox 533 765 576 809; x_wconf 90' lang='lat' dir='ltr'><strong>in</strong></span> <span class='ocrx_word' id='word_1_49' title='bbox 616 768 846 827; x_wconf 80' lang='lat' dir='ltr'><strong>largitionis</strong></span> <span class='ocrx_word' id='word_1_50' title='bbox 885 762 1019 819; x_wconf 85' lang='lat' dir='ltr'><strong>abiret</strong></span> <span class='ocrx_word' id='word_1_51' title='bbox 1051 777 1219 833; x_wconf 87' lang='lat' dir='ltr'><strong>vitium,</strong></span> 
     </span>
     <span class='ocr_line' id='line_1_9' title="bbox 26 835 1220 913; baseline 0.022 -39"><span class='ocrx_word' id='word_1_52' title='bbox 26 878 47 887; x_wconf 19' lang='lat'><strong>‚⁷</strong></span> <span class='ocrx_word' id='word_1_53' title='bbox 108 835 187 878; x_wconf 86' lang='lat' dir='ltr'><strong>abs</strong></span> <span class='ocrx_word' id='word_1_54' title='bbox 212 851 296 893; x_wconf 90' lang='lat' dir='ltr'><strong>qua</strong></span> <span class='ocrx_word' id='word_1_55' title='bbox 321 839 515 884; x_wconf 88' lang='lat' dir='ltr'><strong>nimirum</strong></span> <span class='ocrx_word' id='word_1_56' title='bbox 537 845 759 901; x_wconf 85' lang='lat' dir='ltr'><strong>prudentia</strong></span> <span class='ocrx_word' id='word_1_57' title='bbox 783 838 1079 904; x_wconf 83' lang='lat' dir='ltr'><strong>secernebatur</strong></span> <span class='ocrx_word' id='word_1_58' title='bbox 1095 863 1220 913; x_wconf 87' lang='lat' dir='ltr'><strong>atque</strong></span> 
     </span>
     <span class='ocr_line' id='line_1_10' title="bbox 108 909 1218 990; baseline 0.023 -37"><span class='ocrx_word' id='word_1_59' title='bbox 108 909 280 958; x_wconf 92' lang='lat' dir='ltr'><strong>delectu.</strong></span> <span class='ocrx_word' id='word_1_60' title='bbox 342 916 462 973; x_wconf 81' lang='lat' dir='ltr'><strong>Quae</strong></span> <span class='ocrx_word' id='word_1_61' title='bbox 500 920 666 977; x_wconf 84' lang='lat' dir='ltr'><strong>publice</strong></span> <span class='ocrx_word' id='word_1_62' title='bbox 707 924 896 984; x_wconf 87' lang='lat' dir='ltr'><strong>impensa</strong></span> <span class='ocrx_word' id='word_1_63' title='bbox 937 922 998 974; x_wconf 88' lang='lat' dir='ltr'><strong>est</strong></span> <span class='ocrx_word' id='word_1_64' title='bbox 1042 935 1218 990; x_wconf 85' lang='lat' dir='ltr'><strong>pecunia</strong></span> 
     </span>
     <span class='ocr_line' id='line_1_11' title="bbox 103 986 1219 1068; baseline 0.022 -38"><span class='ocrx_word' id='word_1_65' title='bbox 103 986 297 1034; x_wconf 89' lang='lat' dir='ltr'><strong>Leidensi</strong></span> <span class='ocrx_word' id='word_1_66' title='bbox 322 994 584 1052; x_wconf 83' lang='lat' dir='ltr'><strong>academiae,</strong></span> <span class='ocrx_word' id='word_1_67' title='bbox 613 1014 658 1043; x_wconf 85' lang='lat' dir='ltr'><strong>ea</strong></span> <span class='ocrx_word' id='word_1_68' title='bbox 689 1001 850 1048; x_wconf 86' lang='lat' dir='ltr'><strong>duabus</strong></span> <span class='ocrx_word' id='word_1_69' title='bbox 881 1006 1007 1053; x_wconf 88' lang='lat' dir='ltr'><strong>rebus</strong></span> <span class='ocrx_word' id='word_1_70' title='bbox 1045 1011 1219 1068; x_wconf 79' lang='lat' dir='ltr'><strong>potissi·-</strong></span> 
     </span>
     <span class='ocr_line' id='line_1_12' title="bbox 103 1070 1217 1138; baseline 0.022 -30"><span class='ocrx_word' id='word_1_71' title='bbox 103 1078 217 1110; x_wconf 87' lang='lat' dir='ltr'><strong>mum</strong></span> <span class='ocrx_word' id='word_1_72' title='bbox 250 1074 289 1111; x_wconf 85' lang='lat' dir='ltr'><strong>et·</strong></span> <span class='ocrx_word' id='word_1_73' title='bbox 318 1070 468 1114; x_wconf 86' lang='lat' dir='ltr'><strong>maiori</strong></span> <span class='ocrx_word' id='word_1_74' title='bbox 498 1087 546 1117; x_wconf 83' lang='lat' dir='ltr'><strong>ex</strong></span> <span class='ocrx_word' id='word_1_75' title='bbox 574 1084 695 1133; x_wconf 86' lang='lat' dir='ltr'><strong>parte</strong></span> <span class='ocrx_word' id='word_1_76' title='bbox 724 1078 912 1138; x_wconf 89' lang='lat' dir='ltr'><strong>impensa</strong></span> <span class='ocrx_word' id='word_1_77' title='bbox 942 1092 1025 1128; x_wconf 69' lang='lat' dir='ltr'><strong>cst:</strong></span> <span class='ocrx_word' id='word_1_78' title='bbox 1058 1087 1217 1132; x_wconf 87' lang='lat' dir='ltr'><strong>eximiis</strong></span> 
     </span>
     <span class='ocr_line' id='line_1_13' title="bbox 101 1143 1215 1210; baseline 0.022 -26"><span class='ocrx_word' id='word_1_79' title='bbox 101 1143 412 1200; x_wconf 86' lang='lat' dir='ltr'><strong>professoribus</strong></span> <span class='ocrx_word' id='word_1_80' title='bbox 429 1155 725 1209; x_wconf 80' lang='lat' dir='ltr'><strong>comparandis</strong></span> <span class='ocrx_word' id='word_1_81' title='bbox 739 1188 750 1210; x_wconf 89' lang='lat'><strong>,</strong></span> <span class='ocrx_word' id='word_1_82' title='bbox 777 1165 818 1201; x_wconf 90' lang='lat' dir='ltr'><strong>et</strong></span> <span class='ocrx_word' id='word_1_83' title='bbox 832 1160 990 1204; x_wconf 85' lang='lat' dir='ltr'><strong>utilium</strong></span> <span class='ocrx_word' id='word_1_84' title='bbox 1011 1163 1215 1209; x_wconf 87' lang='lat' dir='ltr'><strong>librorum</strong></span> 
     </span>
     <span class='ocr_line' id='line_1_14' title="bbox 102 1220 1216 1293; baseline 0.022 -31"><span class='ocrx_word' id='word_1_85' title='bbox 102 1220 274 1279; x_wconf 80' lang='lat' dir='ltr'><strong>copiae3</strong></span> <span class='ocrx_word' id='word_1_86' title='bbox 317 1224 566 1273; x_wconf 86' lang='lat' dir='ltr'><strong>artificiosae</strong></span> <span class='ocrx_word' id='word_1_87' title='bbox 605 1234 870 1290; x_wconf 84' lang='lat' dir='ltr'><strong>supellectili,</strong></span> <span class='ocrx_word' id='word_1_88' title='bbox 905 1238 1079 1293; x_wconf 88' lang='lat' dir='ltr'><strong>belluis,</strong></span> <span class='ocrx_word' id='word_1_89' title='bbox 1120 1258 1216 1286; x_wconf 88' lang='lat' dir='ltr'><strong>ma-</strong></span> 
     </span>
     <span class='ocr_line' id='line_1_15' title="bbox 100 1296 1216 1378; baseline 0.025 -40"><span class='ocrx_word' id='word_1_90' title='bbox 100 1296 257 1353; x_wconf 83' lang='lat' dir='ltr'><strong>chinis,</strong></span> <span class='ocrx_word' id='word_1_91' title='bbox 290 1300 563 1359; x_wconf 32' lang='lat' dir='ltr'><strong>similibuslve,</strong></span> <span class='ocrx_word' id='word_1_92' title='bbox 591 1312 854 1367; x_wconf 66' lang='lat' dir='ltr'><strong>coemendis,</strong></span> <span class='ocrx_word' id='word_1_93' title='bbox 884 1303 1216 1378; x_wconf 45' lang='lat' dir='ltr'><strong>minusimpenw</strong></span> 
     </span>
     <span class='ocr_line' id='line_1_16' title="bbox 97 1372 1213 1449; baseline 0.023 -33"><span class='ocrx_word' id='word_1_94' title='bbox 97 1372 286 1421; x_wconf 88' lang='lat' dir='ltr'><strong>debatur.</strong></span> <span class='ocrx_word' id='word_1_95' title='bbox 349 1379 446 1424; x_wconf 90' lang='lat' dir='ltr'><strong>Illae</strong></span> <span class='ocrx_word' id='word_1_96' title='bbox 488 1385 595 1427; x_wconf 89' lang='lat' dir='ltr'><strong>enim</strong></span> <span class='ocrx_word' id='word_1_97' title='bbox 636 1401 703 1431; x_wconf 85' lang='lat' dir='ltr'><strong>res</strong></span> <span class='ocrx_word' id='word_1_98' title='bbox 744 1399 972 1449; x_wconf 83' lang='lat' dir='ltr'><strong>perpetuae</strong></span> <span class='ocrx_word' id='word_1_99' title='bbox 1012 1403 1136 1448; x_wconf 86' lang='lat' dir='ltr'><strong>sunt,</strong></span> <span class='ocrx_word' id='word_1_100' title='bbox 1164 1394 1213 1441; x_wconf 72' lang='lat' dir='ltr'><strong>&#39;et</strong></span> 
     </span>
     <span class='ocr_line' id='line_1_17' title="bbox 96 1450 1209 1529; baseline 0.023 -37"><span class='ocrx_word' id='word_1_101' title='bbox 96 1450 280 1496; x_wconf 90' lang='lat' dir='ltr'><strong>omnium</strong></span> <span class='ocrx_word' id='word_1_102' title='bbox 321 1455 513 1503; x_wconf 82' lang='lat' dir='ltr'><strong>utilitates</strong></span> <span class='ocrx_word' id='word_1_103' title='bbox 538 1454 904 1521; x_wconf 83' lang='lat' dir='ltr'><strong>complectuntur.</strong></span> <span class='ocrx_word' id='word_1_104' title='bbox 991 1471 1209 1529; x_wconf 87' lang='lat' dir='ltr'><strong>Exquisita</strong></span> 
     </span>
     <span class='ocr_line' id='line_1_18' title="bbox 95 1525 1212 1594; baseline 0.024 -25"><span class='ocrx_word' id='word_1_105' title='bbox 95 1534 252 1582; x_wconf 85' lang='lat' dir='ltr'><strong>autem,</strong></span> <span class='ocrx_word' id='word_1_106' title='bbox 285 1538 325 1574; x_wconf 88' lang='lat' dir='ltr'><strong>et</strong></span> <span class='ocrx_word' id='word_1_107' title='bbox 353 1534 519 1580; x_wconf 88' lang='lat' dir='ltr'><strong>minime</strong></span> <span class='ocrx_word' id='word_1_108' title='bbox 552 1525 737 1586; x_wconf 86' lang='lat' dir='ltr'><strong>omnium</strong></span> <span class='ocrx_word' id='word_1_109' title='bbox 771 1546 985 1592; x_wconf 86' lang='lat' dir='ltr'><strong>reticenda</strong></span> <span class='ocrx_word' id='word_1_110' title='bbox 1012 1547 1212 1594; x_wconf 69' lang='lat' dir='ltr'><strong>&#39;liberali-</strong></span> 
     </span>
     <span class='ocr_line' id='line_1_19' title="bbox 94 1608 1205 1673; baseline 0.023 -27"><span class='ocrx_word' id='word_1_111' title='bbox 94 1608 157 1647; x_wconf 85' lang='lat' dir='ltr'><strong>tas</strong></span> <span class='ocrx_word' id='word_1_112' title='bbox 180 1619 227 1649; x_wconf 89' lang='lat' dir='ltr'><strong>ea</strong></span> <span class='ocrx_word' id='word_1_113' title='bbox 250 1615 360 1662; x_wconf 85' lang='lat' dir='ltr'><strong>erat,</strong></span> <span class='ocrx_word' id='word_1_114' title='bbox 390 1627 471 1667; x_wconf 91' lang='lat' dir='ltr'><strong>qua</strong></span> <span class='ocrx_word' id='word_1_115' title='bbox 498 1629 622 1673; x_wconf 88' lang='lat' dir='ltr'><strong>saepe</strong></span> <span class='ocrx_word' id='word_1_116' title='bbox 649 1618 724 1663; x_wconf 89' lang='lat' dir='ltr'><strong>viri</strong></span> <span class='ocrx_word' id='word_1_117' title='bbox 754 1621 866 1666; x_wconf 84' lang='lat' dir='ltr'><strong>docti</strong></span> <span class='ocrx_word' id='word_1_118' title='bbox 896 1638 988 1668; x_wconf 90' lang='lat' dir='ltr'><strong>cum</strong></span> <span class='ocrx_word' id='word_1_119' title='bbox 1019 1626 1062 1669; x_wconf 91' lang='lat' dir='ltr'><strong>in</strong></span> <span class='ocrx_word' id='word_1_120' title='bbox 1090 1628 1205 1673; x_wconf 85' lang='lat' dir='ltr'><strong>libris</strong></span> 
     </span>
     <span class='ocr_line' id='line_1_20' title="bbox 93 1680 1206 1761; baseline 0.024 -39"><span class='ocrx_word' id='word_1_121' title='bbox 93 1680 285 1738; x_wconf 88' lang='lat' dir='ltr'><strong>edendis,</strong></span> <span class='ocrx_word' id='word_1_122' title='bbox 310 1693 397 1731; x_wconf 88' lang='lat' dir='ltr'><strong>tum</strong></span> <span class='ocrx_word' id='word_1_123' title='bbox 415 1689 456 1732; x_wconf 90' lang='lat' dir='ltr'><strong>in</strong></span> <span class='ocrx_word' id='word_1_124' title='bbox 478 1694 886 1752; x_wconf 78' lang='lat' dir='ltr'><strong>peregrinationibus</strong></span> <span class='ocrx_word' id='word_1_125' title='bbox 908 1702 1206 1761; x_wconf 86' lang='lat' dir='ltr'><strong>suscipiendis,</strong></span> 
     </span>
     <span class='ocr_line' id='line_1_21' title="bbox 91 1758 1207 1825; baseline 0.025 -26"><span class='ocrx_word' id='word_1_126' title='bbox 91 1758 260 1816; x_wconf 88' lang='lat' dir='ltr'><strong>publica</strong></span> <span class='ocrx_word' id='word_1_127' title='bbox 284 1766 461 1820; x_wconf 86' lang='lat' dir='ltr'><strong>pecunia</strong></span> <span class='ocrx_word' id='word_1_128' title='bbox 487 1768 751 1824; x_wconf 86' lang='lat' dir='ltr'><strong>juvabantur.</strong></span> <span class='ocrx_word' id='word_1_129' title='bbox 808 1776 901 1820; x_wconf 83' lang='lat' dir='ltr'><strong>Hoc</strong></span> <span class='ocrx_word' id='word_1_130' title='bbox 925 1779 1087 1825; x_wconf 68' lang='lat' dir='ltr'><strong>Leidae&#39;</strong></span> <span class='ocrx_word' id='word_1_131' title='bbox 1107 1782 1207 1825; x_wconf 85' lang='lat' dir='ltr'><strong>Go-</strong></span> 
     </span>
     <span class='ocr_line' id='line_1_22' title="bbox 91 1833 1204 1905; baseline 0.025 -29"><span class='ocrx_word' id='word_1_132' title='bbox 91 1833 194 1879; x_wconf 90' lang='lat' dir='ltr'><strong>lius</strong></span> <span class='ocrx_word' id='word_1_133' title='bbox 217 1840 393 1885; x_wconf 83' lang='lat' dir='ltr'><strong>maxime</strong></span> <span class='ocrx_word' id='word_1_134' title='bbox 420 1853 614 1903; x_wconf 84' lang='lat' dir='ltr'><strong>expertus</strong></span> <span class='ocrx_word' id='word_1_135' title='bbox 631 1857 720 1905; x_wconf 83' lang='lat' dir='ltr'><strong>est,</strong></span> <span class='ocrx_word' id='word_1_136' title='bbox 756 1851 854 1896; x_wconf 85' lang='lat' dir='ltr'><strong>illud</strong></span> <span class='ocrx_word' id='word_1_137' title='bbox 883 1854 991 1899; x_wconf 89' lang='lat' dir='ltr'><strong>Sch</strong></span> <span class='ocrx_word' id='word_1_138' title='bbox 1007 1859 1117 1901; x_wconf 86' lang='lat' dir='ltr'><strong>aafi</strong></span> <span class='ocrx_word' id='word_1_139' title='bbox 1133 1875 1204 1905; x_wconf 81' lang='lat' dir='ltr'><strong>us.</strong></span> 
     </span>
     <span class='ocr_line' id='line_1_23' title="bbox 40 1911 1206 1980; baseline 0.025 -28"><span class='ocrx_word' id='word_1_140' title='bbox 40 1965 43 1967; x_wconf 16' lang='grc' dir='ltr'><strong><em>ι</em></strong></span> <span class='ocrx_word' id='word_1_141' title='bbox 91 1911 255 1958; x_wconf 86' lang='lat' dir='ltr'><strong>Gelrica</strong></span> <span class='ocrx_word' id='word_1_142' title='bbox 287 1917 466 1963; x_wconf 85' lang='lat' dir='ltr'><strong>Pontani</strong></span> <span class='ocrx_word' id='word_1_143' title='bbox 503 1922 704 1980; x_wconf 86' lang='lat' dir='ltr'><strong>historia,</strong></span> <span class='ocrx_word' id='word_1_144' title='bbox 733 1927 775 1971; x_wconf 91' lang='lat' dir='ltr'><strong>in</strong></span> <span class='ocrx_word' id='word_1_145' title='bbox 797 1931 1010 1977; x_wconf 85' lang='lat' dir='ltr'><strong>academia</strong></span> <span class='ocrx_word' id='word_1_146' title='bbox 1036 1935 1206 1980; x_wconf 83' lang='lat' dir='ltr'><strong>Harde-</strong></span> 
     </span>
     <span class='ocr_line' id='line_1_24' title="bbox 89 1977 1205 2058; baseline 0.025 -27"><span class='ocrx_word' id='word_1_147' title='bbox 89 1977 285 2036; x_wconf 89' lang='lat' dir='ltr'><strong>rovicena</strong></span> <span class='ocrx_word' id='word_1_148' title='bbox 311 1995 489 2054; x_wconf 86' lang='lat' dir='ltr'><strong>scripta,</strong></span> <span class='ocrx_word' id='word_1_149' title='bbox 517 2001 688 2057; x_wconf 90' lang='lat' dir='ltr'><strong>publico</strong></span> <span class='ocrx_word' id='word_1_150' title='bbox 716 2014 854 2050; x_wconf 91' lang='lat' dir='ltr'><strong>sumtu</strong></span> <span class='ocrx_word' id='word_1_151' title='bbox 871 2009 980 2053; x_wconf 85' lang='lat' dir='ltr'><strong>edita</strong></span> <span class='ocrx_word' id='word_1_152' title='bbox 1000 2019 1073 2055; x_wconf 87' lang='lat' dir='ltr'><strong>est.</strong></span> <span class='ocrx_word' id='word_1_153' title='bbox 1120 2014 1205 2058; x_wconf 75' lang='lat' dir='ltr'><strong>Pe-</strong></span> 
     </span>
     <span class='ocr_line' id='line_1_25' title="bbox 92 2068 1204 2143; baseline 0.024 -35"><span class='ocrx_word' id='word_1_154' title='bbox 92 2068 298 2124; x_wconf 83' lang='lat' dir='ltr'><strong>regrinari</strong></span> <span class='ocrx_word' id='word_1_155' title='bbox 329 2071 427 2116; x_wconf 88' lang='lat' dir='ltr'><strong>item</strong></span> <span class='ocrx_word' id='word_1_156' title='bbox 469 2077 649 2133; x_wconf 87' lang='lat' dir='ltr'><strong>majores</strong></span> <span class='ocrx_word' id='word_1_157' title='bbox 677 2083 810 2126; x_wconf 85' lang='lat' dir='ltr'><strong>nostri</strong></span> <span class='ocrx_word' id='word_1_158' title='bbox 839 2084 935 2129; x_wconf 85' lang='lat' dir='ltr'><strong>viris</strong></span> <span class='ocrx_word' id='word_1_159' title='bbox 972 2087 1132 2143; x_wconf 79' lang='lat' dir='ltr'><strong>doctis,</strong></span> <span class='ocrx_word' id='word_1_160' title='bbox 1165 2100 1204 2135; x_wconf 83' lang='lat' dir='ltr'><strong>et</strong></span> 
     </span>
     <span class='ocr_line' id='line_1_26' title="bbox 87 2138 1202 2213; baseline 0.024 -28"><span class='ocrx_word' id='word_1_161' title='bbox 87 2158 186 2188; x_wconf 89' lang='lat' dir='ltr'><strong>vero</strong></span> <span class='ocrx_word' id='word_1_162' title='bbox 214 2138 410 2193; x_wconf 74' lang='lat' dir='ltr'><strong>studiosis</strong></span> <span class='ocrx_word' id='word_1_163' title='bbox 429 2152 788 2213; x_wconf 89' lang='lat' dir='ltr'><strong>adolescentibus,</strong></span> <span class='ocrx_word' id='word_1_164' title='bbox 820 2167 904 2205; x_wconf 87' lang='lat' dir='ltr'><strong>tam</strong></span> <span class='ocrx_word' id='word_1_165' title='bbox 922 2168 1202 2212; x_wconf 82' lang='lat' dir='ltr'><strong>necessarium</strong></span> 
     </span>
     <span class='ocr_line' id='line_1_27' title="bbox 88 2218 1203 2298; baseline 0.025 -36"><span class='ocrx_word' id='word_1_166' title='bbox 88 2218 331 2268; x_wconf 83' lang='lat' dir='ltr'><strong>iudicabant</strong></span> <span class='ocrx_word' id='word_1_167' title='bbox 344 2257 356 2280; x_wconf 89' lang='lat'><strong>,</strong></span> <span class='ocrx_word' id='word_1_168' title='bbox 395 2218 461 2272; x_wconf 35' lang='lat' dir='ltr'><strong>ut*v</strong></span> <span class='ocrx_word' id='word_1_169' title='bbox 484 2229 606 2276; x_wconf 87' lang='lat' dir='ltr'><strong>etiam</strong></span> <span class='ocrx_word' id='word_1_170' title='bbox 643 2233 684 2277; x_wconf 89' lang='lat' dir='ltr'><strong>in</strong></span> <span class='ocrx_word' id='word_1_171' title='bbox 723 2236 950 2298; x_wconf 81' lang='lat' dir='ltr'><strong>Theologis</strong></span> <span class='ocrx_word' id='word_1_172' title='bbox 984 2257 1075 2287; x_wconf 86' lang='lat' dir='ltr'><strong>eam</strong></span> <span class='ocrx_word' id='word_1_173' title='bbox 1115 2260 1203 2290; x_wconf 86' lang='lat' dir='ltr'><strong>rem</strong></span> 
     </span>
     <span class='ocr_line' id='line_1_28' title="bbox 1007 2320 1032 2361; baseline 0 0"><span class='ocrx_word' id='word_1_174' title='bbox 1007 2320 1032 2361; x_wconf 82' lang='lat'>3</span> 
     </span>
    </p>
   </div>
  </div>
 </body>
</html>
