1487 2625
390 199 981 245 THEoLoorcA.
1192 222 1239 260 23

130 306 222 354 isti,
249 307 422 346 coelestia
449 316 642 347 tractantes
659 338 670 356 .,
697 310 771 348 sibi
798 312 1007 352 viderentur
1029 326 1087 353 res
1109 317 1238 355 huma-

129 387 195 415 nas
216 377 289 427 J'am
315 378 403 415 satis
437 380 645 427 exploratas
681 380 834 428 habere3
864 393 974 429 porro
994 386 1234 434 ostendebat,

126 446 408 496 disquisitiones
445 448 525 486 illas
561 448 813 488 infructuosas
847 453 953 499 plane
991 464 1097 502 esse,
1147 467 1234 494 cum

123 527 192 556 nec
245 518 291 557 ad
335 518 451 556 ullum
489 529 629 556 certum
672 521 809 558 exitum
851 522 1090 567 perducerent
1107 551 1121 570 ‚
1166 526 1230 564 sed

121 585 252 635 potius
288 585 358 643 ii,=
381 586 447 634 qui
470 587 623 625 maxime
650 587 708 625 his
737 588 981 636 gloriarentur
997 618 1011 637 ,
1047 591 1214 632 insanien

120 655 213 694 tium
239 666 341 693 more
366 656 405 693 in
426 657 605 694 contraria
629 657 750 695 omnia
776 657 943 705 abirent,
980 670 1075 707 nec,
1113 661 1146 700 si
1171 663 1231 700 vel

118 724 383 772 succederent,
418 725 633 763 hominibus
657 727 904 774 prodessent,
942 739 1023 766 nam
1047 730 1229 769 neminem

119 791 304 842 istorum,
342 794 408 832 ubi
432 796 535 833 venti
553 806 698 833 causam
728 796 930 844 repererit,
971 809 1084 846 posse
1105 807 1227 838 tamen

118 870 269 901 ventum
317 863 473 903 efficere.
547 865 626 903 Imo
659 875 734 902 non
765 873 906 904 tantum
942 867 1112 914 inutilia,
1162 868 1229 906 sed

115 931 230 980 impia
271 932 379 971 etiam
433 945 499 972 eos
539 945 644 982 agere
688 934 932 974 existimabat.
987 937 1089 974 Deos
1130 937 1226 975 enim

115 1001 292 1040 coelestia
314 1002 376 1040 illa
398 1003 520 1040 omnia
538 1003 707 1041 homines
733 1004 875 1052 celare3
912 1016 995 1044 cum
1035 1006 1074 1044 hi
1104 1016 1224 1046 autem

115 1081 158 1112 ea
195 1071 400 1121 patefacere
435 1073 650 1122 noluerint,
699 1074 913 1113 hominibus
939 1086 1015 1113 non
1043 1075 1151 1114 licere
1188 1077 1225 1114 in

117 1151 158 1180 ea
184 1141 372 1190 inquirere
397 1142 480 1190 (ι).

167 1211 278 1250 Ferre
299 1210 425 1259 itaque
447 1222 525 1249 non
547 1219 690 1260 poterat
716 1213 945 1251 Socrates
959 1240 974 1262 ‚
1003 1214 1067 1261 qui
1083 1225 1226 1263 semper

117 1290 223 1328 agere
273 1279 430 1328 aliisque
480 1280 656 1328 prodesse
710 1281 912 1327 studebat,
967 1282 1052 1320 illos
1093 1283 1131 1320 in
1166 1284 1224 1321 his

117 1349 230 1387 rebus
251 1349 364 1387 vitam
388 1360 605 1387 consumere
621 1377 634 1396 ,
674 1350 784 1387 rebus
822 1350 1037 1390 utilioribus
1065 1353 1225 1391 destina.

115 1427 220 1466 tam,
256 1429 376 1466 eoque
409 1419 531 1456 minus
571 1419 610 1456 id
649 1418 813 1467 ferebat,
867 1432 943 1468 quo
982 1422 1151 1470 graviora
1189 1432 1224 1471 et

118 1489 254 1538 maj0ra
272 1489 474 1537 peragenda
497 1489 692 1536 praebebat
718 1490 895 1538 temporis
916 1491 1108 1539 conditio,
1147 1503 1224 1539 quo

114 1557 242 1608 majori
258 1558 392 1595 virium
409 1557 573 1596 omnium
598 1559 837 1597 contentione
857 1560 1089 1607 perversitati
1112 1561 1223 1598 resis-

115 1629 263 1666 tendum
290 1639 370 1666 esse
393 1628 554 1666 videbat.
608 1629 691 1676 Ipse
712 1628 826 1676 igitur
847 1630 955 1666 hasce
976 1641 1032 1666 res
1047 1657 1059 1675 ,
1087 1630 1223 1677 quibus

115 1698 272 1746 primum
299 1698 456 1745 aliquam
484 1709 630 1745 operam
655 1699 826 1745 dederat,
863 1709 951 1736 mox
977 1699 1150 1746 reliquit,
1188 1709 1224 1736 et

115 1769 154 1806 in
166 1778 206 1805 ea
221 1775 362 1805 tantum
391 1767 601 1805 incumbere
628 1769 814 1816 praecepit
832 1796 844 1814 ‚
874 1780 1030 1816 quorum
1057 1769 1223 1816 cognitio

116 1837 329 1877 hominibus
369 1837 449 1873 data
485 1837 558 1882 sit,
602 1848 637 1875 et
671 1839 714 1875 ad
747 1838 839 1875 bene
865 1837 1062 1876 vivendum
1084 1838 1223 1886 aliquid

116 1906 296 1946 conferat.
352 1906 449 1944 Hinc
482 1906 603 1943 noluit
643 1907 870 1954 disquirere,
910 1906 1080 1956 quomodo
1102 1920 1137 1944 sc
1155 1908 1224 1944 ha-

120 1976 204 2019 beat
237 1979 331 2023 iste,
370 1977 436 2025 qui
469 1990 492 2013 a
523 1977 696 2026 Sophistis
726 1975 894 2023 dicitur,
923 1975 1106 2024 mundum
1146 1976 1222 2014 imo

120 2047 378 2096 geometriam,
432 2045 689 2083 astronomiam
706 2073 718 2092 ,
758 2045 1020 2082 arithmeticam
1071 2056 1226 2095 eatenus¹

118 2124 261 2155 tantum
291 2115 365 2153 coli
402 2116 573 2162 volebat,
616 2122 794 2161 quatenus
821 2114 1001 2151 sufficeret
1028 2114 1071 2150 ad
1093 2126 1226 2162 agrum*

116 2186 366 2233 metiendum,
403 2186 447 2224 ad
478 2185 548 2223 diei
580 2184 748 2222 noctisve
780 2191 926 2231 tempus
956 2182 1218 2221 definiendum.

1147 2253 1222 2290 Mi·

160 2337 208 2378 (ι)
243 2337 404 2369 Cs.Mem‚
418 2336 494 2366 Lib.
509 2336 537 2366 Ι.
553 2347 580 2367 c.
597 2345 624 2365 ι.
642 2337 671 2375 §-
690 2335 802 2366 12-16.
824 2334 898 2364 Lib.
916 2333 977 2365 IV.
991 2344 1019 2364 c·
1036 2344 1065 2374 7.
1082 2336 1113 2374 §.
1134 2333 1152 2363 6
1166 2354 1174 2370 ,
1191 2343 1226 2372 7-
