1487 2625
558 196 904 247 MEDtcA.
1244 238 1287 276 13

643 336 656 356 ‚
691 322 732 348 ac
759 314 959 362 perfectam
988 320 1185 368 humorum
1211 332 1288 372 dis-

172 363 412 407 solutionem.
466 373 617 422 Quibus
650 381 794 427 placida
830 389 1051 440 plerumque
1085 401 1282 452 sequitur,

166 429 262 471 intra
285 436 395 475 unius
422 452 485 480 aut
511 446 621 485 trium
651 451 792 491 dierum
823 459 981 504 spatium
997 492 1010 510 .,
1034 476 1132 507 mors

163 506 303 548 gressis
330 507 511 551 interdum
536 521 846 564 convulsionibus
861 529 945 577 (1).

213 573 315 613 Haec
339 578 443 627 signa
464 586 650 634 vulgarem
675 592 852 634 denotant
877 602 1047 642 veneficii
1070 611 1191 648 nostri
1213 613 1275 651 de-

157 651 324 684 cursum.
379 650 432 687 At
459 664 575 702 vero,
599 661 713 698 veluti
740 663 778 701 in
801 667 881 706 aliis
908 673 1075 724 morbis,
1100 678 1150 717 ita
1176 691 1212 719 et
1232 683 1272 723 In

154 713 333 753 veneficio
369 722 555 762 arsenicali

177 290 308 331 virium
341 301 627 345 prostrationem

1143 497 1156 516 ‚
1176 483 1280 520 prae-

572 755 585 774 ,
623 740 743 778 neque
773 736 877 786 signa
903 752 1024 791 neque
1050 747 1177 790 effecta
1209 765 1268 793 ea-

151 780 230 818 dem
271 787 424 827 omnino
462 792 499 831 in
541 799 715 840 omnibus
753 817 842 846 sunt
880 820 1154 869 exspectanda,
1199 827 1264 864 sed

144 852 245 891 varia
283 857 424 898 ratione
459 864 626 917 diversa,
663 881 705 911 ut
732 876 854 916 desint
885 886 1108 935 quandoque
1141 904 1184 930 ex
1215 895 1261 934 iis

141 925 347 974 nonnulla,
385 935 662 982 conspiciantur
686 951 724 981 et
747 956 823 986 non
857 960 1058 1001 numquam
1087 960 1179 1010 alia,
1211 965 1256 1003 de

142 992 281 1037 quibus
306 1000 444 1039 nullam
468 1006 587 1046 adhuc
611 1009 806 1060 injecimus
831 1023 1067 1069 mentionem.

636 1169 670 1216 g,
702 1184 738 1209 2.

178 1296 302 1337 Prima
338 1301 453 1349 igitur
491 1320 585 1355 quae
617 1312 837 1357 observatur
867 1322 1059 1366 diversitas
1099 1342 1241 1380 spectat

124 1372 295 1415 tempus,
322 1374 424 1417 quod
451 1387 631 1418 venenum
654 1382 750 1423 inter
771 1387 954 1438 ingestum
975 1405 1011 1433 et
1031 1409 1124 1444 quae
1143 1415 1233 1450 pro-

117 1433 215 1472 xime
253 1449 456 1487 sequantur
496 1458 743 1497 symptomata
778 1458 987 1504 intercedit.

115 1504 210 1543 enim
243 1512 451 1561 statuitur,
490 1526 527 1555 et
554 1520 637 1569 J‘ure
670 1528 782 1565 statui
814 1540 965 1582 potest,

110 1575 225 1624 vulgo
252 1578 345 1619 intra
367 1583 552 1627 dimidiam
579 1591 690 1632 horae
714 1607 854 1644 partem
876 1603 1006 1644 effecta
1019 1620 1086 1648 sua
1103 1611 1223 1662 ciere,

104 1640 210 1681 fateri
226 1655 345 1687 tamen
361 1663 511 1701 oportet
524 1686 537 1705 ‚
566 1662 676 1711 longe
696 1666 846 1709 'brevius
866 1685 941 1714 non
965 1686 1106 1719 tantum

104 1713 296 1755 minimum
321 1720 420 1760 haud
447 1738 528 1765 raro
561 1733 728 1775 sufficere
753 1745 930 1790 temporis
957 1740 1111 1790 interval

100 1792 166 1830 ut,
191 1785 400 1830 intensitate
426 1795 511 1835 licet
535 1800 680 1842 diversa
710 1817 748 1845 et
772 1822 925 1852 numero
945 1845 955 1861 .,
984 1831 1098 1869 appar

97 1854 291 1903 aegrisque
326 1864 598 1913 percipiantur.

1115 1755 1188 1794 lum
1201 1785 1214 1805 ‚

1100 1833 1211 1873 eant,

660 1876 781 1927 Cujtis
816 1883 866 1920 rei
899 1893 1020 1926 tamen
1055 1901 1090 1929 et
1119 1905 1210 1932 con-

1134 1974 1207 2002 tra·

693 2036 701 2045 .
728 2018 1065 2069 Ανεεηίἦνενὲζβιιηὲ
1075 2041 1108 2060 u.
1122 2043 1148 2061 s·
1164 2045 1205 2065 ut.

533 2082 540 2090 .
602 2064 624 2094 S
636 2077 652 2095 u
664 2078 679 2096 e
690 2079 797 2100 rman
814 2093 822 2108 ‚
862 2076 955 2107 Diss.
987 2082 1026 2110 de
1054 2085 1200 2117 Arsenz'-

87 2100 117 2127 ci
137 2101 170 2129 itz
185 2113 318 2143 corpore
335 2107 478 2141 humano
500 2116 675 2154 effectibus
697 2129 759 2153 etc.
783 2124 870 2167 Traj.
887 2131 978 2173 1809.
992 2145 1072 2173 p.20
1099 2142 1131 2180 ᾗ.
1145 2143 1197 2174 26.

81 2149 117 2181 M
128 2165 143 2181 e
155 2159 165 2182 t
175 2165 190 2183 z
202 2167 217 2195 g
229 2168 243 2185 e
255 2169 271 2186 r·
286 2179 296 2194 ‚
354 2163 481 2200 Sys-lem
526 2169 582 2199 cler
631 2174 792 2207 Gerichtl.
833 2182 1053 2225 Arzneywiss.
1067 2212 1077 2228 ,
1116 2194 1193 2226 edit.

86 2204 218 2238 Griiner
239 2214 306 2242 und
324 2214 440 2246 Remer
462 2221 551 2250 1820.
571 2221 605 2262 15
628 2236 700 2258 212.
755 2230 903 2265 Orfiia
920 2259 929 2274 ,
958 2239 981 2270 l.
1006 2252 1034 2272 c.
1060 2255 1095 2283 p.
1118 2247 1191 2280 305.

79 2258 398 2305 Christison,1.
421 2281 450 2301 c.
470 2283 504 2311 p.
522 2275 586 2306 ⁷300
606 2289 697 2322 seqq.
