1487 2625
234 199 283 236 40
457 185 1118 228 COMMENTATIO

231 295 312 341 lat;
341 294 427 332 haec
454 292 662 341 coagulatio
686 304 762 335 non
790 304 861 331 tam
888 293 964 332 cito
991 293 1136 341 oritur,
1172 294 1203 331 si
1235 292 1340 330 albu·

234 363 321 399 mini
358 374 452 409 aqua
486 362 652 404 addatur.
687 383 742 393 —
777 363 961 412 Sanguis,
1010 363 1232 409 aliquamdiu
1267 361 1342 402 sibi

233 432 410 477 relictus,
439 431 476 467 in
497 431 587 475 duas
614 440 801 479 separatur
833 442 980 480 partes,
1011 443 1163 478 quarum
1201 433 1334 478 altera,

231 499 370 546 liquida
412 508 498 547 est,
554 512 646 548 quae
685 513 840 548 serum,
880 503 991 539 altera
1024 502 1190 543 materies
1224 503 1336 546 dura,

233 579 327 615 quae
357 579 468 606 cruor
499 568 578 607 sive
613 570 778 620 placenta
808 579 975 611 vocatur.
1027 571 1204 610 Admixta
1243 570 1334 610 Sero

227 640 325 686 aqua
361 639 558 687 Creosoti,
586 640 775 679 turbidum
802 641 873 679 hoc
911 640 952 678 fit
976 649 1064 689 post
1087 641 1232 688 aliquot
1268 640 1337 678 ho·

230 719 315 755 raS‚
355 718 416 757 et,
457 719 544 757 post
572 711 652 756 dies
686 711 855 759 aliquot,
893 711 1063 755 albumen
1101 710 1333 758 coagulatum

226 778 518 827 praecipitatur3
572 791 665 828 quae
718 781 883 829 operatio
928 781 959 818 si
1005 781 1215 819 instituitur
1263 792 1335 828 ope

227 849 405 893 Creosoti
419 849 503 905 puri
519 878 532 897 ‚
560 851 768 898 coagulatio
791 850 969 888 continuo
995 850 1126 892 oritur.
1179 850 1335 888 Admix-

223 919 260 955 til
296 930 382 956 vero
418 920 541 961 cruori
566 922 661 967 aqua
697 921 897 968 Creosoti‚
933 922 1056 968 liquor
1077 922 1118 959 fit
1146 921 1334 959 albescens

223 997 259 1029 et
290 988 476 1027 turbidus.
532 989 632 1028 Haec
667 991 805 1029 coloris
827 994 1005 1037 mutatio,
1035 1003 1056 1029 a
1079 1003 1210 1035 cruore
1229 1004 1333 1040 apet-

226 1066 263 1094 te
306 1057 499 1105 profecta,
527 1059 610 1097 inde
641 1060 855 1107 oriebatur,
895 1062 998 1109 quod
1024 1073 1118 1110 aqua
1155 1062 1331 1100 Creosoti

224 1128 306 1176 ejus
341 1128 512 1169 albumen
546 1128 791 1176 absorbebat,
819 1131 906 1168 dum
933 1132 1098 1178 placenta
1130 1131 1237 1180 ipsa,
1265 1143 1332 1168 co-.

218 1199 297 1237 lore
332 1198 604 1245 quodammodo
625 1199 790 1246 amisso,
819 1199 932 1248 magis
959 1200 1062 1237 corio
1093 1200 1225 1243 similis
1247 1212 1330 1239 eva-

221 1269 270 1305 sit
296 1277 406 1315 atque
443 1268 604 1312 obscuro
630 1269 770 1308 colore.

271 1338 400 1376 Reic
417 1339 547 1376 henb
565 1339 654 1383 ach
694 1348 851 1385 autem,⁷
877 1350 960 1377 cum
997 1340 1166 1389 indagare
1191 1340 1326 1388 vellet,

222 1419 421 1455 quousque
444 1408 542 1446 aetio
564 1409 601 1446 in
634 1397 837 1457 placentam
868 1409 1103 1448 adscribenda
1134 1411 1182 1447 sit
1217 1422 1326 1457 sero,

217 1475 408 1524 pigmento
447 1487 484 1515 et
520 1477 684 1525 fibrino‚
724 1491 817 1527 quae
849 1477 892 1517 ea
930 1481 1194 1527 continentur,
1242 1480 1327 1519 ideo

218 1547 404 1594 placentae
430 1547 626 1586 admiscuit
644 1560 773 1596 aquam
787 1577 799 1596 ‚
815 1558 850 1586 et
876 1549 1057 1597 separavit
1070 1550 1295 1598 pigmentum
1310 1578 1326 1597 ‚
1349 1579 1352 1582 .

216 1629 283 1655 nec
307 1629 383 1655 non
415 1618 447 1655 ei
479 1618 691 1666 adjunctum
730 1630 876 1664 serum,
908 1629 979 1670 qua
1005 1618 1218 1666 operatione
1244 1630 1326 1657 cr-u-

219 1697 275 1725 sta
308 1689 468 1725 colorem
493 1686 682 1732 amittebat
720 1697 756 1725 et
781 1688 962 1735 pellucida
991 1688 1113 1727 fiebat.

266 1757 309 1794 ln
332 1758 520 1795 solutione
533 1758 734 1805 pigmenti,
758 1758 988 1797 admiscenda
1004 1758 1035 1795 ei
1057 1770 1188 1806 aquam
1203 1759 1322 1798 Creo÷

216 1826 322 1872 soti,
378 1837 467 1876 post
513 1828 656 1874 aliquot
696 1827 775 1864 dies
827 1827 1113 1876 praecipitantur
1171 1830 1319 1870 flocculi

213 1897 621 1942 rubro-albescentes,
660 1898 768 1945 quale
794 1897 899 1934 etiam
943 1898 1218 1947 praecipitatum
1247 1902 1321 1938 ori·

211 1976 270 2007 tur
308 1967 347 2004 in
378 1966 565 2004 solutione
605 1974 640 2004 et
679 1966 876 2006 albuminis
902 1967 938 2005 in
978 1980 1072 2017 aqua
1110 1970 1252 2016 soluti,
1279 1979 1316 2007 et

214 2037 302 2075 seri.

260 2105 450 2144 Fibriuum
496 2105 532 2143 in
560 2117 654 2153 aqua
684 2106 859 2145 Creosoti
902 2106 1131 2147 immutatum
1167 2111 1313 2149 mansit.

207 2177 310 2219 Patet
344 2176 451 2221 inde,
494 2175 720 2213 Creosotum
752 2177 788 2213 in
824 2178 1001 2226 sanguine
1033 2181 1225 2228 coagulare
1265 2183 1316 2219 al-

209 2244 342 2290 bumen
367 2272 379 2291 ‚
419 2255 455 2285 et
487 2245 630 2299 quidem
663 2248 872 2295 continuo,
911 2248 941 2285 si
977 2249 1085 2288 ambo
1118 2250 1193 2287 sint
1224 2263 1314 2290 con!

1231 2333 1311 2360 cen*
