1487 2625
524 171 873 213 MEDICA.
1214 182 1258 219 91

150 288 260 329 cum,
313 294 389 330 quo
430 290 546 321 scatet
582 283 644 321 ille
675 283 801 331 liqnor
830 283 963 331 (quem
1003 282 1257 331 probatorium

148 354 326 401 dicunt),
388 352 541 391 fluidum
590 355 877 401 decomponeret
923 354 1157 400 lacteumque
1205 355 1259 391 ini

147 422 327 461 tribueret
368 425 530 461 colorem
568 422 662 472 (133
716 432 902 471 praeterea
945 432 1065 462 tamen
1114 425 1259 462 acidum

149 489 358 526 tartaricum
395 488 662 537 Sulphuretum
680 487 860 527 [Arsenici
895 496 962 536 pro
988 497 1089 536 parte
1115 489 1262 527 solvere

145 558 307 599 videtur.
359 558 495 602 Diilk
524 566 646 596 autem
674 557 940 597 Bisschof
963 568 1000 596 et
1034 559 1260 597 Christis

144 638 162 665 s
179 638 240 665 on
281 639 386 676 praev
409 628 625 674 solutione,
679 627 799 676 ipsius
843 628 944 676 gazis
994 629 1259 667 adhibitionem

143 680 333 745 indicant,
362 698 449 745 quia
479 697 567 736 inde
599 708 722 745 neque
752 699 884 736 veneni
911 699 1051 737 solutio
1078 700 1259 747 diluitur,

142 777 265 814 neque
289 767 520 806 imminuitur
545 767 727 816 reagentis
751 767 908 806 efficacia
936 769 1017 817 (2).
1056 769 1162 807 Hanc
1186 780 1260 807 me-

143 837 298 875 thodum
324 850 411 886 prae
437 838 526 885 illa,
555 850 628 886 qua
654 849 747 877 usus
773 848 831 876 est
857 839 1134 877 Wendland
1159 838 1254 887 (3),

142 906 354 945 laudandam
392 920 473 945 esse
504 907 596 948 mihi
635 908 808 955 videtur,
836 919 921 946 cum
954 921 998 946 ex
1028 908 1259 946 adhibitione

142 976 461 1026 Hydrosulphatis
497 978 718 1016 Ammoniae
760 978 1024 1028 (Ammonium
1058 979 1260 1026 hydrosul·

140 1045 363 1094 phuratum)
400 1046 574 1084 Arsenici
614 1047 826 1095 sulphurati
867 1047 1148 1095 praecipitatum
1187 1059 1256 1095 pro

141 1124 247 1164 parte
273 1117 440 1154 solvatur
472 1118 511 1154 in
546 1116 771 1164 Ammonia,
808 1116 841 1154 si
870 1118 957 1155 haec
988 1128 1064 1154 non
1091 1117 1257 1166 perfecte

140 1183 252 1223 fuerit
277 1195 437 1224 saturata
453 1214 466 1233 ‚
494 1187 553 1224 vel
574 1194 611 1224 et
636 1186 744 1225 facile
763 1188 887 1235 ipsum
911 1198 1064 1235 reagens
1078 1197 1254 1235 praeceps

139 1263 197 1293 eat
222 1266 390 1294 unacum
408 1256 542 1303 acido,
569 1258 679 1306 cujus
691 1257 831 1295 additio
849 1266 889 1310 ut
905 1268 1057 1305 reagens
1068 1257 1252 1296 actionem

138 1337 240 1363 suam
277 1336 420 1364 exserat
454 1326 678 1375 requiritur,
715 1338 934 1376 corpusque
967 1326 1103 1364 formet
1138 1330 1256 1374 magis

139 1396 311 1434 minusve
342 1395 505 1443 flavum,
534 1396 680 1446 liquore
717 1397 804 1435 licet
836 1398 1018 1436 Arsenico
1055 1397 1251 1436 destituto.

187 1466 340 1514 Optime
370 1466 495 1515 itaque
521 1467 559 1505 in
587 1468 700 1517 huJ'us
731 1469 914 1517 reagentis
948 1480 1022 1506 usu
1051 1469 1252 1507 convenire

136 1536 284 1574 videtur
317 1547 412 1584 gu,
441 1548 485 1574 ex
504 1537 735 1586 Sulphureto
764 1539 863 1577 Ferri
893 1548 931 1576 et
960 1539 1066 1576 acido
1098 1539 1253 1588 sulphu-

137 1604 215 1642 rico
253 1605 371 1643 diluto
408 1605 578 1653 utrisque
611 1607 716 1656 puris
751 1616 900 1655 ortum,
952 1617 1065 1657 atque
1090 1622 1155 1658 per
1190 1620 1252 1647 so-

1188 1682 1245 1719 lu-

177 1786 229 1826 (ι)
253 1785 333 1815 Pfa
348 1786 407 1823 ff,
429 1798 531 1818 neaes
555 1790 647 1818 nord.
669 1789 816 1826 Archiv,
842 1789 933 1830 1807.
958 1789 1015 1819 Bd.
1033 1789 1062 1819 l.
1085 1789 1135 1822 St.
1160 1791 1188 1821 I.
1215 1806 1250 1812 —

137 1838 156 1868 J
172 1840 189 1868 ὅ
206 1850 304 1879 ger,
335 1840 428 1870 Diss.
451 1842 489 1870 de
514 1841 685 1882 effectibus
709 1843 868 1872 Arsenici
892 1845 927 1873 in
953 1845 1065 1874 varios
1091 1846 1251 1885 organis-

135 1903 204 1922 mos
228 1897 311 1930 etc„
344 1893 451 1923 Berol.
474 1894 565 1924 1808.
586 1894 620 1923 in
644 1895 673 1924 G
689 1906 705 1924 e
720 1895 796 1925 hle
810 1907 829 1925 n
844 1917 853 1934 ,
888 1898 1058 1939 Journ.f.
1084 1900 1115 1929 d.
1141 1900 1248 1931 Clzem.

134 1945 242 1986 Phys.
262 1958 295 1976 u.
323 1947 501 1984 Mineral.‚
526 1941 618 1978 issoss.
640 1948 698 1978 Bd.
722 1948 784 1980 Vl.
806 1960 839 1988 p.
862 1949 932 1980 500.

175 2001 229 2041 (2)
253 2000 283 2029 D
300 2000 344 2031 iil
362 2000 405 2037 k,
442 2001 534 2031 Berl.
560 2002 678 2032 Jahrb.
701 2004 757 2032 der
779 2004 940 2041 Plzarm„
979 2004 1038 2034 Bd.
1072 1996 1247 2036 xxvlu.

131 2044 168 2094 p.
187 2064 261 2084 200.
293 2053 517 2096 Rigchter,
542 2055 565 2088 1.
584 2066 613 2086 c.
636 2067 668 2094 p.
690 2057 760 2095 695.
795 2057 1039 2096 Bisschof,
1071 2060 1106 2089 in
1131 2061 1250 2091 Bran-

132 2108 189 2137 des
218 2108 367 2146 Archiv,
403 2109 462 2140 Bd.
486 2109 603 2140 XVII.
637 2121 670 2149 p.
700 2111 772 2150 259,
817 2111 842 2140 C
858 2111 959 2141 hris
977 2111 1126 2150 tison,
1161 2114 1186 2146 1.
1214 2126 1245 2148 c,

131 2170 166 2200 p.
187 2163 259 2194 260.

173 2213 227 2256 (5)
252 2217 277 2244 A
295 2226 314 2245 u
329 2226 346 2254 g
360 2227 380 2246 u
395 2226 408 2245 s
423 2220 435 2245 t
448 2215 458 2245 i
472 2215 546 2253 n's,
569 2217 699 2247 Archiv
723 2218 755 2248 cl.
786 2219 903 2248 Staats
921 2220 1076 2253 Arzneik.
1093 2242 1102 2258 ,
1123 2220 1177 2251 Bd.
1197 2222 1243 2253 11.

138 2261 190 2298 St«
208 2266 241 2298 J.
261 2277 294 2308 p.
315 2269 368 2301 58.
409 2270 461 2300 Cf.
483 2269 708 2309 Richter,
730 2271 754 2302 1.
777 2281 807 2302 c.
827 2283 860 2312 p.
882 2271 953 2313 695.
