1487 2625
245 169 290 215 58
437 161 1102 205 COMMENTATIO

243 285 371 324 magna
411 273 612 323 quantitate
656 271 844 318 solvitur,
892 273 956 310 sed
992 272 1182 321 refrigerio
1226 273 1348 311 omnis

240 357 358 384 massa
391 343 676 392 crystallisatur.

289 416 425 453 Aeetas
474 411 588 460 oxydi
625 411 764 459 plumbi
803 412 1086 459 crystallisatum
1116 412 1228 450 solita
1252 423 1343 450 tem-

236 485 406 533 peratura
433 480 595 520 solvitur
621 481 658 518 in
691 482 892 523 Creosoto.
943 482 1098 521 Elevata
1125 494 1211 520 vero
1233 483 1349 522 Creo-

234 554 311 593 soti
357 560 635 602 temperatura,
690 552 777 590 haee
830 553 1001 601 crystalla
1049 553 1167 589 multo
1213 552 1349 601 maiore

233 623 436 674 quantitate
478 624 701 668 solvuntur,
755 621 946 671 refrigerio
998 630 1118 659 autem
1166 632 1249 670 pars
1285 622 1349 665 de-

234 705 334 732 mum
368 701 582 742 separatur,
621 701 794 740 tanquam
833 691 976 730 solutio
1015 703 1171 739 aquosa.
1249 691 1348 734 Dein

233 762 355 802 omnis
389 774 508 800 massa
542 762 716 810 crystalla
751 761 919 808 format,
957 773 1051 809 quae
1087 760 1218 809 partim
1257 772 1348 800 con-

232 842 332 871 stant
370 845 416 871 ex
454 833 639 881 crystallis
667 831 816 870 acetatis
855 831 969 880 oxydi
994 831 1165 878 plumbi,
1213 832 1345 880 partim

230 914 275 941 ex
307 902 550 951 crystallisata
575 901 839 951 conjunctione
874 901 1024 940 acetatis
1060 901 1176 950 oxydi
1222 904 1343 951 plum-

229 972 268 1010 bi
299 983 383 1010 eum
424 972 628 1010 Creosoto.

281 1043 417 1080 Aeetas
450 1042 564 1090 oxydi
608 1040 715 1079 Zinci
749 1040 1033 1089 crystallisatutn
1070 1041 1233 1079 solvitur
1265 1051 1343 1078 non

230 1112 304 1150 nisi
335 1112 374 1150 in
407 1111 594 1149 ebuliente
617 1113 834 1156 Creosoto‚
861 1119 898 1148 et
926 1109 1116 1158 refrigerio
1165 1110 1344 1160 praecipi-

230 1191 354 1221 tantur
391 1182 585 1230 crystalla.

278 1253 417 1291 Aeetas
470 1250 674 1298 deutoxydi
715 1249 823 1298 cupri
867 1249 1182 1297 crystallisatum‚
1228 1248 1343 1288 solita

228 1322 459 1371 temperaura
501 1331 630 1368 parurn
667 1319 855 1365 solvitur,
898 1319 1011 1366 magis
1051 1328 1171 1357 autem
1206 1328 1344 1367 tempe-

227 1401 348 1431 ratura
388 1392 552 1437 elevatam
606 1399 643 1427 et
692 1390 780 1428 haec
832 1388 1005 1427 calefacta
1057 1390 1197 1428 solutio
1237 1389 1342 1428 refri-

225 1462 328 1510 gerio
369 1460 647 1510 praecipitatum
704 1459 840 1497 format
897 1458 1006 1497 fusco
1059 1460 1199 1498 colore.
1267 1460 1341 1497 De·

225 1531 464 1578 componitur
506 1530 576 1567 hoe
608 1530 690 1576 sai,
741 1540 824 1567 cum
857 1529 938 1578 ejus
978 1529 1121 1566 acidum
1159 1529 1338 1568 aceticum

227 1601 356 1649 arripit
388 1612 460 1638 una
506 1599 684 1639 Creosoti
720 1610 830 1647 pars,
868 1599 978 1636 altera
1014 1608 1134 1636 autem
1173 1600 1337 1647 oxydum

225 1670 332 1718 cupri
364 1671 492 1708 solvit.
556 1670 684 1717 Atque
717 1669 748 1706 si
783 1680 824 1706 ea
863 1667 1048 1716 quantitas
1079 1670 1339 1717 crystallorum

227 1741 366 1790 adJ'eeta
400 1739 476 1785 sit,
504 1748 545 1777 ut
576 1740 685 1776 altera
712 1737 888 1777 Creosoti
917 1750 1001 1786 pars
1041 1739 1160 1776 adhuc
1193 1740 1339 1777 solvere

226 1809 350 1858 possit
385 1810 528 1847 aeidum
572 1809 749 1846 aeetieum
775 1837 788 1854 ‚
836 1809 951 1846 altera
996 1818 1118 1847 autem
1161 1810 1340 1848 Creosoti

226 1891 311 1928 pars
339 1881 501 1928 oxydum
526 1879 631 1928 cupri
669 1879 768 1916 haud
807 1879 964 1926 amplius
1000 1879 1122 1927 possit
1161 1881 1336 1926 solvere,

227 1950 396 1988 ultimum
428 1950 544 1988 hocce
581 1949 856 1998 praecipitatur.

277 2023 410 2059 Aeetas
446 2019 587 2068 argenti
618 2018 902 2066 crystallisatum
940 2030 960 2056 a
992 2019 1180 2057 Creosoto
1226 2018 1332 2056 redu-

223 2089 335 2128 citur.

276 2159 436 2201 Acidum
459 2158 651 2207 citrieum,
680 2158 717 2196 in
738 2170 832 2207 aqua
855 2159 1018 2197 solutum
1035 2186 1047 2205 ,
1076 2157 1189 2195 solvit
1218 2158 1334 2196 Creo-

230 2240 402 2278 sotum3
469 2230 609 2268 scilicet
665 2243 712 2267 20
762 2239 885 2278 partes
927 2229 1038 2278 hujus
1088 2227 1177 2265 acidi
1235 2239 1248 2263 1
1295 2239 1335 2274 p.

1225 2296 1339 2333 Creo-
