1487 2625
265 227 311 269 36
485 223 1150 264 COMMENTATIO

266 334 497 372 exstitissent
511 345 524 380 ς
554 332 646 370 hanc
660 333 903 380 perniciosam
919 333 1188 372 dubitationem
1212 334 1236 372 S
1250 345 1273 372 o
1285 345 1305 371 c
1317 345 1381 372 ra-

270 414 342 441 tes
384 404 414 440 ci
439 403 580 451 eripere
605 411 772 443 conatur.
826 401 988 439 Primum
1033 402 1209 450 quidem,
1251 403 1380 451 prouti

270 474 411 511 solebat
457 473 649 510 ratiocinia
693 471 853 510 exordiri
890 484 909 508 a
943 472 1053 508 rebus
1097 471 1380 520 simplicissimis

271 553 306 581 et
332 543 487 581 maxime
510 543 611 580 notis
627 571 641 588 ,
679 541 907 580 constituere
945 541 1180 589 aggreditur,
1221 541 1311 588 quid
1335 541 1384 578 sit

269 612 491 658 fortuitum,
521 612 610 659 quid
626 623 756 650 causae
781 612 956 648 consulto
980 611 1102 659 agenti
1128 611 1383 656 tribuendum,

272 692 307 721 et
341 692 465 720 notam
503 682 700 730 utriusque
728 692 848 719 rerum
872 680 1015 729 generis
1040 680 1206 718 definire.
1261 680 1387 729 Rogat

271 743 410 801 igitur,
451 762 627 798 quaenam
664 763 779 797 casu,
822 762 914 797 quae
938 750 1114 799 prudenti
1140 751 1299 789 consilio
1324 762 1386 789 ex-

271 822 434 860 stiterint
450 849 463 868 ,
502 832 541 858 ea
558 849 570 868 ,
609 833 703 867 quae
738 821 784 858 ad
808 832 916 858 usum
943 820 1101 867 aliquem
1126 822 1386 868 praestandum

271 893 404 931 idonea
436 902 518 929 esse
554 899 731 937 constet,
768 901 812 928 an
848 902 939 928 vero
965 902 1033 937 ea,
1073 890 1213 938 quibus
1241 891 1384 928 nullum

274 961 445 1000 utilitatis
472 960 628 1010 alicujus
654 959 831 998 indicium
859 960 963 999 insit.
1018 959 1386 1008 Aristodemus,

269 1032 527 1080 incorruptum
552 1040 704 1068 naturae
724 1029 906 1080 J'udicium
935 1039 1114 1077 secutus,
1140 1041 1217 1068 non
1242 1030 1386 1069 dubitat

269 1102 538 1150 pronuntiare,
577 1101 666 1138 haec
705 1100 866 1137 fortuito
912 1100 1128 1147 exstitisse,
1167 1100 1229 1138 illa
1254 1110 1386 1139 causae

270 1173 446 1210 consulto
471 1171 595 1219 agenti
622 1182 702 1207 esse
731 1170 938 1207 tribuenda.

317 1241 396 1290 Jam
429 1242 600 1278 Socrates
638 1240 786 1287 pergit,
834 1247 876 1276 ut
919 1251 983 1286 ea,
1034 1251 1128 1286 quae
1187 1239 1225 1276 in
1264 1250 1384 1277 rerum

270 1320 397 1349 natura
424 1319 652 1355 occurrunt,
695 1309 740 1345 ad
778 1309 871 1346 hanc
910 1317 1034 1346 notam
1058 1308 1208 1357 exigat,
1248 1307 1386 1346 videat·

270 1393 372 1428 que,
410 1382 452 1419 ad
479 1381 663 1428 quodnam
692 1390 811 1416 rerum
836 1390 953 1427 genus
981 1378 1126 1426 singula
1152 1379 1382 1427 pertineant:

271 1462 365 1498 quae
417 1462 502 1488 sane
558 1450 614 1487 via
665 1449 849 1486 tutissima
883 1457 938 1486 est
979 1458 1015 1486 et
1055 1448 1304 1486 efficacissima
1339 1450 1386 1486 ad

269 1520 487 1558 eliciendum
523 1529 557 1557 et
593 1520 884 1558 confirmandum
918 1519 1075 1556 Divinae
1099 1519 1263 1556 Naturae
1300 1529 1385 1557 sen-

269 1601 367 1627 sum.
421 1590 511 1627 Non
548 1598 669 1626 autem
708 1587 946 1636 progreditur
982 1589 1074 1626 ultra
1113 1589 1301 1626 hominem
1327 1589 1385 1637 ip·

269 1672 374 1707 sum,
407 1660 560 1708 ejusque
585 1669 721 1707 partem
748 1659 980 1696 deteriorem.
1023 1658 1208 1705 Corporis
1233 1658 1383 1696 humani

268 1729 545 1767 fabricationem
570 1729 751 1775 explicat,
781 1738 815 1765 et
839 1728 1028 1773 ostendit,
1057 1728 1201 1775 singula
1214 1740 1384 1776 quaeque

269 1799 430 1836 membra
465 1799 753 1846 prudentissime
785 1807 820 1835 et
860 1798 1007 1835 solertia
1032 1798 1234 1835 admirabili
1258 1799 1382 1846 dispo-

268 1869 336 1906 sita
378 1881 485 1912 esse,
531 1878 566 1906 et
616 1870 662 1905 ita
710 1867 909 1912 fabricata,
967 1878 1007 1905 ut
1054 1879 1163 1906 suum
1213 1879 1383 1916 quaeque

267 1951 374 1976 usum
414 1938 556 1987 optime
593 1948 793 1986 praestent.
873 1938 932 1976 Sic
971 1947 1093 1975 certos
1141 1938 1175 1975 ei
1215 1939 1380 1985 ostendit

266 2011 387 2053 lines,
427 2010 462 2046 in
495 2010 666 2056 corporis
699 2018 882 2046 structura
921 2009 1177 2056 conspicuos,
1213 2010 1256 2046 ad
1283 2020 1380 2055 quos

264 2081 498 2126 attingendo<
520 2081 689 2126 singula,
733 2078 864 2124 oculi,
889 2089 1019 2124 aures,
1059 2088 1191 2124 nares,
1224 2078 1376 2127 lingua,

264 2151 419 2195 dentes,
463 2150 597 2186 liberos
644 2148 857 2195 procreandi
900 2147 1096 2192 studium,
1138 2147 1232 2185 vitae
1266 2159 1380 2196 appe·

265 2219 380 2264 titus,
412 2218 584 2255 interitus
612 2218 815 2261 aversatio,
851 2226 968 2255 cetera
996 2216 1267 2265 sapientissime
1303 2218 1379 2255 sint

253 2289 443 2335 adaptata.
497 2286 824 2325 Aristodemus
843 2315 855 2333 ,
894 2295 993 2324 tanta
1019 2286 1257 2334 conspiciens
1281 2288 1379 2336 sapi-

1315 2368 1377 2394 en-
