1487 2625
1234 160 1284 190 XV

229 242 421 285 Literas
435 243 638 288 Graecas
657 246 796 292 tradet
819 249 904 296 ΡΗ.
919 252 971 299 G.
983 267 1086 299 VAN
1101 257 1175 303 ΗΕ
1183 261 1287 307 US-

167 310 272 365 DE,
302 313 616 373 interpretanda
645 320 966 367 Demosthenis
996 332 1200 375 oratione
1230 338 1286 377 de

167 398 360 438 corona,
392 386 597 432 adiunctis
629 390 981 441 Quaestionibas
1014 401 1284 447 Demosthe-

163 456 286 507 ηεὶε,
317 455 384 500 die
419 457 566 512 lunae,
598 459 704 504 horst
744 462 828 517 XI,
861 464 902 509 e't
932 466 1080 515 diebus
1109 475 1282 530 martis,

159 523 265 569 iovis
293 533 333 570 et
358 529 540 583 veneris,
572 529 679 575 hora
709 532 742 577 Ι.

216 606 410 648 Literas
449 608 713 652 Hebraicas
749 610 782 654 Ι.
800 611 847 656 C.
877 612 1279 670 SWYGHUISEN

158 674 601 724 GROENEWOUD
614 712 626 733 ‚
651 693 746 726 cum
768 682 1085 746 interpretanda
1105 695 1280 740 Gram-

155 748 352 798 ηιαΐὶοα,
395 753 481 791 tum
507 751 627 803 eiu-3,
684 759 728 796 ut
758 761 798 798 et
835 758 1090 812 Syntaxeos
1129 780 1207 811 usu
1235 767 1280 811 in

152 814 338 872 legendis
368 818 618 874 quibusdam
656 822 706 870 V.
735 823 786 869 F.
822 829 1029 887 capitibus
1064 834 1277 883 historicis

150 888 454 941 monstrand0‚
511 891 657 938 diebus
697 895 842 952 lunae,
886 905 1059 958 martis,
1101 907 1205 954 iovis
1237 920 1278 956 et

151 960 333 1011 veneris,
365 959 472 1004 hora
494 961 548 1008 II.

202 1037 420 1089 Licet-as,
452 1051 546 1082 cum
568 1042 619 1082 A
622 1058 833 1089 ramaeas
848 1078 860 1100 ‚
893 1056 982 1094 tum
1008 1055 1269 1112 Arabicas,

148 1105 181 1150 Ι.
202 1105 248 1151 C.
268 1103 673 1162 SWYGHUISEN
685 1114 1133 1170 GROENEWOUD
1147 1159 1160 1181 ,
1181 1129 1275 1174 die-

146 1177 225 1221 bus
246 1180 465 1232 mercurii,
498 1181 604 1227 hora
630 1185 744 1230 VIII.
792 1196 832 1232 et
859 1193 1048 1250 veneris,
1094 1197 1202 1244 hora
1234 1203 1267 1248 Ι.

199 1256 545 1313 Antiquitatem
572 1264 879 1322 Hebraicam,
929 1270 962 1316 I.
983 1271 1030 1317 C.
1061 1273 1269 1323 SVVYG-

143 1324 362 1374 HUISEN
391 1329 868 1394 GROENEWOUD,
938 1342 1085 1391 diebus
1118 1348 1264 1406 lunae,

142 1397 311 1451 martis,
342 1398 447 1444 iovis
480 1409 520 1445 et
548 1404 734 1460 veneris,
767 1408 876 1454 hora
907 1413 1024 1460 VIII.

198 1473 416 1520 Caeterum
453 1482 766 1536 provectiorum
811 1491 1142 1540 commilitonum
1185 1499 1263 1545 de-

138 1543 324 1599 sideriis,-
361 1548 509 1594 diebus
537 1552 664 1607 iovis,
695 1555 802 1602 hora
834 1559 867 1603 Ι.
901 1565 1042 1619 quoad
1077 1572 1256 1626 poterit,

139 1616 242 1669 satis
270 1617 392 1663 faciet
417 1619 713 1681 libentissime,
745 1628 778 1673 Ι.
798 1630 1262 1691 C.SVVYGHUISEN

137 1687 595 1740 GROENEWOUD.

193 1768 458 1811 Historiam
493 1772 733 1829 Gentium,
778 1783 1025 1837 praesertim
1053 1777 1258 1836 Graeco-

137 1851 240 1877 rum
269 1843 308 1878 et
333 1838 668 1898 Romanorum,
697 1847 784 1894 ΡΗ.
799 1849 852 1895 G.
873 1867 975 1898 VAN
991 1855 1226 1908 HEUSDE
1240 1897 1253 1918 ‚

134 1905 279 1950 diebus
303 1908 444 1963 lunae,
461 1914 606 1958 martis
620 1947 632 1968 ,
647 1915 753 1963 iovis
771 1928 810 1964 et
827 1925 1009 1981 veneris,
1036 1928 1142 1977 hora
1157 1933 1251 1982 ΧΠ.

192 1987 453 2030 Historiam
483 1993 747 2038 literarium
792 2006 1101 2051 recentiorum
1132 2028 1251 2067 gen-

131 2058 270 2108 tium,
304 2057 450 2102 Pus„
480 2075 582 2105 VAN
609 2064 874 2124 HEUSDE,
906 2073 1052 2121 diebus
1077 2095 1247 2128 mercu-

130 2126 204 2178 rii,
240 2127 341 2171 hora
370 2129 442 2176 xi.
478 2139 517 2176 et
549 2133 643 2180 ΧΗ.

188 2207 377 2248 [Alteras
406 2211 620 2266 Belgicas
666 2225 710 2256 et
753 2218 998 2269 literarum
1022 2231 1245 2287 Belgica-
