1487 2625
231 252 301 279 100
448 238 1106 278 COMMENTATIO

229 358 300 387 tem
325 349 383 386 his
410 348 732 395 obtemperandum
759 359 839 386 esse
855 347 991 385 diceret
1007 375 1020 394 ,
1049 355 1184 395 sponte
1196 347 1329 394 liquet.

231 419 326 457 Nam
356 418 387 455 si
411 418 515 456 Deus
539 418 727 464 postulare
752 417 891 463 aliquid
919 415 1054 454 dicitur
1091 416 1135 454 ab
1174 409 1344 454 homini-'

231 489 302 525 bus
321 516 333 534 ,
361 497 437 524 tum
463 496 598 535 sponte
624 487 793 524 homines
825 486 898 523 sibi
921 487 1074 534 cssejns
1092 485 1303 523 existimant
1320 513 1334 531 ‚

230 557 277 594 iis
311 557 494 604 expletis,
530 556 686 603 praemia
715 556 930 604 postulandi
958 568 978 592 a
1014 556 1124 603 Deo3
1162 554 1264 592 aliter
1298 555 1336 593 id

232 627 310 666 fieri
334 627 490 674 nequit,
531 626 640 664 simul
666 638 707 663 ac
734 627 837 663 Deus
865 627 1092 674 proponitur
1121 625 1336 674 legislator,

232 696 340 734 etiam
377 708 397 734 a
433 705 534 744 parte
574 696 765 733 hominum
803 696 960 744 praemia
989 697 1227 744 postulantur
1253 694 1337 744 (1).

234 766 318 804 Hoc
361 766 454 803 idem
492 765 530 802 in
564 766 758 803 Socrate
797 766 1003 804 luculenter
1029 764 1237 802 cernimus:
1278 763 1337 801 hic

233 837 354 873 Deum
377 835 591 873 hominibus
617 835 774 882 praemia
798 836 881 873 dare
905 835 1163 880 existimabat,
1193 833 1225 871 si
1239 834 1338 881 leges

234 906 376 943 divinas
402 905 619 952 implerent,
656 904 713 942 sin
737 904 886 952 minus,
915 914 1052 952 poenas
1078 903 1288 941 immittere.

286 974 391 1013 Talis
428 974 541 1023 igitur
566 983 623 1012 est
648 974 864 1023 conjunctio
896 973 990 1011 inter
1013 974 1183 1010 homines
1206 980 1241 1008 et
1266 970 1342 1008 De-

234 1058 323 1092 um,
361 1057 405 1082 ex
445 1054 565 1082 mente
599 1045 843 1089 Socratis,
889 1052 928 1080 ut
964 1044 1068 1082 Deus
1095 1041 1213 1080 officia
1238 1049 1346 1088 prae.-

235 1115 396 1162 scribat,
425 1115 594 1153 homines
621 1114 667 1152 iis
694 1112 964 1161 perfungantur
979 1109 1110 1158 et‚‘iis
1132 1108 1342 1159 perfuncti,

235 1186 394 1234 praemia
427 1197 446 1222 a
484 1186 565 1222 Deo
609 1184 804 1231 accipiant.
869 1181 974 1219 Talis
1020 1178 1236 1228 conjunctio
1271 1177 1345 1214 dici

236 1256 365 1304 legalis
392 1263 534 1302 potest.
588 1254 629 1290 In
665 1253 731 1289 hac
775 1252 877 1290 Deus
905 1261 980 1287 non
1007 1250 1162 1287 habetur
1188 1249 1218 1285 is
1245 1247 1344 1296 (2),

242 1352 267 1372 „
294 1324 357 1370 qui
382 1322 639 1371 ignorantibus
668 1321 844 1358 beneficia
869 1321 953 1358 dare
976 1319 1153 1367 incipiat,
1193 1317 1345 1366 ingratis

239 1420 265 1439 „
291 1392 543 1441 perseveret.”
587 1391 814 1438 Proponitur
837 1390 985 1436 quidem
1012 1390 1133 1427 Deus‘
1149 1398 1190 1425 ut
1217 1395 1349 1437 poten-

239 1462 406 1499 tissimus
424 1490 436 1508 ,
476 1463 540 1499 sed
579 1470 698 1498 tamen
726 1461 885 1496 humano
912 1458 988 1507 regi
1015 1459 1146 1496 simius
1172 1457 1345 1503 videtur,

237 1532 328 1578 qui,
384 1532 512 1568 eodem
556 1542 637 1567 cnm
687 1528 900 1566 hominibus
939 1530 1052 1576 gradu
1086 1529 1315 1565 constitutus
1335 1552 1348 1570 ,

237 1602 281 1639 ab
324 1601 381 1639 his
415 1600 540 1648 poscit
583 1599 697 1636 officia
733 1599 942 1645 quaedam,
983 1606 1018 1633 ct
1051 1598 1125 1643 iis,
1168 1595 1232 1643 qui
1260 1596 1348 1634 haec

1278 1660 1348 1697 ob-

281 1730 328 1768 (1)
363 1728 430 1756 Hoc
462 1738 523 1756 uon
562 1732 680 1755 'cincre
712 1726 832 1755 dictum
868 1736 959 1761 esse,
1000 1728 1090 1764 patet
1123 1734 1160 1754 ex
1202 1723 1349 1761 exemplo

239 1780 513 1814 Judaeornm,
548 1781 632 1808 inter
668 1790 748 1818 quos
780 1779 926 1817 vulgares
955 1783 1042 1809 cerie
1076 1778 1219 1806 homines
1249 1780 1350 1815 puta-

238 1834 334 1869 hant,
360 1834 440 1868 sibi,
468 1837 579 1870 utpote
601 1834 717 1873 Legem
733 1831 869 1862 divinam
884 1831 1150 1865 observantibus,
1173 1832 1223 1870 jus
1237 1840 1302 1860 esse
1315 1830 1350 1859 in

239 1887 396 1916 beneficia
425 1886 487 1915 Dei
511 1907 518 1921 ‚
543 1886 586 1913 ita
610 1891 643 1913 ut.
668 1885 906 1922 existimarent,
931 1886 1002 1914 Deo
1028 1895 1090 1915 non
1119 1885 1240 1920 licere,
1270 1883 1352 1914 reli-

241 1951 319 1979 quas
353 1943 484 1977 gentes,
517 1938 617 1976 legem
651 1948 715 1966 non
749 1939 975 1973 observantes,
1005 1937 1094 1977 regni
1118 1937 1220 1968 divini
1243 1936 1352 1975 parti-

240 1993 325 2031 cipes
359 1991 515 2026 rcddere,
551 1990 595 2017 itu
630 1992 711 2019 enirn
742 2002 793 2020 sna
826 1991 906 2019 iaedi
932 1994 1021 2031 jur-³3
1058 1990 1354 2020 Romano-Ca-

241 2046 405 2077 tholico
421 2056 523 2080 rum,
556 2045 611 2082 qui
650 2046 768 2073 mereri
793 2045 962 2074 coelestem
990 2044 1173 2073 beatitatem
1201 2044 1351 2082 operibus

242 2101 323 2140 Legi
367 2098 492 2128 divinae
531 2098 750 2127 consentaneis
806 2099 983 2135 volcbant5
1036 2098 1177 2126 omnium
1214 2096 1352 2136 denique

242 2163 349 2182 eorum
368 2173 376 2187 ,
412 2152 467 2190 qui
491 2150 697 2189 Euangeiium
728 2151 799 2191 lege
826 2152 953 2190 aliqua,
990 2155 1043 2180 :tut
1067 2150 1245 2180 officiorum
1269 2149 1353 2179 doc-

242 2206 324 2234 trina
343 2226 351 2241 ,
399 2204 552 2233 divinitus
604 2203 676 2231 data
721 2204 880 2233 contineri
931 2204 1152 2239 arbitr-auium
1209 2203 1353 2232 Kantii

242 2259 440 2296 aliorumque
462 2257 743 2295 philosophorum.

285 2313 333 2351 (2)
370 2311 478 2341 Verba
500 2315 573 2340 sunt
596 2311 779 2341 Senecae
796 2332 805 2347 ,
830 2312 866 2340 cle
890 2312 1005 2351 Renes.
1032 2309 1115 2339 Vll.
1139 2309 1188 2339 31.
