1487 2625
348 220 947 264 THEOLOGICA.
1154 237 1205 274 49

96 331 235 379 reliqua
274 329 468 370 animantia
505 331 661 379 vivant,
700 339 812 379 atque
849 333 898 371 ob
923 340 1089 378 sortem,
1130 344 1203 381 qua

94 411 181 449 prae
212 400 432 439 animalibus
466 400 618 449 reliquis
657 409 837 450 utuntur,
876 401 1021 442 felicem
1062 402 1201 442 similes

94 470 368 516 quodammodo
406 469 481 508 sint
517 471 625 518 Deo,
663 479 814 510 naturae
840 471 1004 510 omnium
1031 470 1202 512 felicissi-

92 549 172 577 mae
197 539 280 588 (1).

142 608 213 647 His
237 610 417 658 expositis
443 619 569 659 rogat:
613 638 637 659 „
663 610 765 662 Quid
801 610 943 660 igitur,
980 624 1097 661 quum
1129 622 1202 652 tam

94 704 120 726 „
147 681 328 728 praeclara
376 680 445 718 tibi
495 680 671 719 beneficia
717 681 981 730 praebuerint,
1027 682 1203 730 dubitas,

93 777 119 798 „
143 758 232 786 num
260 758 302 787 tu
331 749 415 788 Diis
440 761 549 788 curae
574 750 659 788 sis?
687 750 777 798 quid
792 751 865 800 jam
886 749 1004 789 facere
1020 761 1206 800 praeterea

93 845 118 866 ,‚
146 817 317 865 debent,
361 831 438 866 quo
482 819 551 857 tibi
574 814 833 868 'persuadeant
852 848 866 867 ,
908 832 949 859 se
985 821 1041 859 tui
1078 833 1204 861 curam

93 914 121 934 ‚‚
145 898 269 936 gerere
281 887 330 926 2⁹²
380 889 711 928 Aristodemus
747 891 978 938 respondet,
1015 903 1056 929 se
1081 892 1205 939 velle,

91 963 134 992 ut
169 956 384 1004 mitterent,
437 957 504 1006 qui
549 969 590 995 se
636 958 874 996 admonerent
913 960 959 998 de
993 971 1063 1007 e0‚
1103 960 1208 1008 quod

91 1022 299 1064 faciendum
343 1026 638 1066 omittendumve
679 1036 801 1075 esset,
843 1029 946 1076 quod
983 1030 1206 1069 Socrates

91 1093 166 1131 sibi
205 1094 330 1132 datum
372 1107 452 1134 esse
490 1108 510 1134 a
549 1096 633 1135 Diis
671 1097 837 1136 dicebat:
878 1099 939 1136 cui
978 1100 1207 1138 Socrates

93 1162 256 1201 occurrit
282 1164 407 1202 dicens
423 1192 437 1213 ,
464 1166 596 1212 Deos,
631 1178 715 1204 cum
743 1165 1048 1216 Atheniensibus,
1084 1169 1208 1209 Grae-

91 1235 143 1271 cis
177 1232 400 1272 omnibusve
428 1235 645 1273 hominibus
671 1235 797 1276 futura
821 1238 1109 1286 praenuntient,
1150 1238 1208 1287 ip-

94 1314 177 1341 sum
216 1313 292 1340 non
330 1303 522 1342 excludere
540 1330 554 1351 ,
601 1305 666 1342 sed
713 1305 746 1342 ei
796 1317 950 1353 quoque
997 1307 1206 1346 consulere.

94 1371 239 1410 Deinde
279 1371 348 1422 (ε)
386 1370 492 1410 affert
531 1374 744 1421 opinionem
785 1374 1000 1414 hominibus
1029 1376 1208 1425 inditam,

99 1442 203 1480 Deos
241 1443 300 1479 vel
340 1443 431 1479 mala
468 1441 562 1490 ipsis
602 1442 797 1481 immittere
834 1455 973 1492 posse,
1015 1447 1075 1484 vel
1109 1446 1209 1484 bona

94 1510 290 1560 praebere:
338 1522 446 1558 quam
495 1511 738 1560 opinionem,
773 1513 808 1551 si
847 1512 938 1552 falsa
977 1523 1102 1562 esset,
1143 1515 1209 1554 Dii

95 1578 311 1618 hominibus
336 1590 413 1618 non
440 1579 673 1619 indidissent.
722 1583 837 1620 Porro
864 1593 1046 1631 provocat
1071 1585 1116 1622 ad
1141 1585 1205 1631 id,

95 1651 198 1696 quod
222 1649 392 1687 civitates
419 1658 623 1698 gentesque
639 1679 652 1698 ‚
692 1663 812 1690 rerum
849 1653 1089 1692 humanarum
1113 1655 1209 1692 anti*

96 1718 298 1766 quissimae
329 1728 367 1757 et
393 1719 685 1768 sapientissimae
702 1749 714 1768 ,
746 1731 783 1759 et
806 1733 845 1760 ea
869 1722 1060 1761 hominum
1085 1733 1209 1771 aetas,

96 1801 190 1837 quae
228 1788 404 1837 sapientia
437 1789 594 1828 maxime
615 1789 773 1838 insignis
794 1800 875 1840 est,
903 1793 1006 1831 Deos
1044 1792 1210 1830 omnium

1136 1869 1212 1900 ma·

140 1957 189 1997 (1)
213 1957 303 1988 Hanc
327 1958 412 1988 enim
434 1957 495 1988 hoc
521 1957 593 1988 loco
613 1969 629 1987 a
656 1959 792 1990 Socrate
816 1960 957 1999 spectari
978 1960 1116 1991 hominis
1139 1970 1211 1992 eum

101 2010 172 2041 Deo
198 2010 440 2041 similitudinem
457 2031 467 2048 ,
489 2021 554 2040 non
581 2021 668 2049 eam,
692 2023 772 2052 quae
792 2013 896 2051 posita
919 2017 968 2043 est
987 2013 1020 2043 in
1042 2023 1100 2051 en,
1124 2012 1212 2054 quod

100 2068 238 2104 uterque
262 2064 306 2093 sit
328 2065 453 2094 ratione
475 2063 639 2103 praeditus
655 2084 664 2102 ,
699 2069 754 2094 aut
776 2065 810 2094 in
831 2075 889 2101 eo,
914 2064 1002 2105 quod
1027 2065 1122 2096 homo
1148 2067 1214 2098 im-

99 2117 226 2156 perium
262 2121 410 2148 exerceat
445 2117 480 2147 in
513 2117 639 2158 reliqua
676 2118 847 2155 animalia,
883 2117 947 2148 Dei
970 2117 1003 2147 in
1030 2129 1140 2149 omnes
1162 2128 1213 2150 res

100 2170 236 2208 imperio
257 2169 377 2200 simile:
413 2170 518 2210 liquet
553 2181 569 2200 e
600 2170 666 2201 loci
696 2171 797 2210 ipsius
822 2173 947 2202 ratione
973 2176 1004 2202 et
1031 2177 1182 2204 contextu
1199 2193 1211 2213 ,

101 2223 178 2254 coli.
200 2224 227 2253 1.
255 2233 284 2253 c.
309 2225 340 2256 6.
369 2222 399 2262 §.
422 2233 472 2254 10.
495 2228 528 2253 et
550 2225 596 2254 ΙΙ.
619 2234 648 2254 ο.
671 2234 701 2255 2.
725 2227 757 2265 §.
782 2224 812 2254 3.

145 2283 194 2322 (2)
218 2282 270 2313 cf.
295 2283 560 2314 Memorabilium
582 2283 610 2313 1.
633 2293 662 2313 c.
684 2283 715 2313 4.
741 2286 773 2324 ᾗ.
798 2283 846 2313 16.

156 2353 288 2379 GRAT.
637 2344 671 2381 D
