1487 2625
199 248 271 286 106
416 243 1075 284 COMMENTATIO

247 353 408 401 Reliqua
446 352 576 398 etiam,
617 364 711 401 quae
736 354 808 402 jam
841 364 952 401 supra
989 353 1146 392 vidimus
1177 353 1298 391 minus

195 424 382 475 probanda
409 422 498 461 'esse
530 423 567 459 in
605 422 814 460 Socratis
840 423 884 460 de
910 422 1020 459 rebus
1045 422 1178 460 divinis
1210 423 1300 460 doc·

195 495 318 541 trina,
357 492 523 542 profecta
563 502 649 530 sunt
685 505 704 529 e
742 492 912 539 ratione,
967 503 1039 539 qua
1075 491 1298 529 Socrates

196 566 316 604 Deum
363 572 399 601 et
444 562 614 600 homines
663 562 885 610 conjunctos
924 572 1006 600 esse
1042 561 1299 609 existimabat,

196 642 302 681 quam
327 632 479 683 legalem
502 632 677 669 diximus.
705 653 759 661 —
783 631 943 670 Primum
970 630 1115 678 quidem
1142 631 1227 668 Soc
1238 641 1303 668 ra-

195 712 280 742 tem
316 702 475 740 vidimus
514 701 583 740 Dei
614 701 877 750 benignitatem
917 701 1135 749 restringere
1161 700 1207 738 ad
1234 700 1304 738 ho-

196 774 338 819 mines,
367 782 402 810 et
427 773 472 810 ab
498 784 538 810 ea
563 773 756 810 excludere
781 770 959 818 reliquam
984 782 1104 809 rerum
1135 778 1302 808 naturam

198 852 370 890 omnem3
411 852 478 879 nec
503 841 661 879 mirum:
705 842 768 879 ubi
792 841 888 879 enim
913 842 1015 879 Deus
1027 850 1032 864 ²
1042 841 1140 889 leges
1165 840 1303 888 praeci-

197 911 283 961 pit,
335 920 371 950 et
423 923 491 960 pro
526 911 686 959 impletis
730 911 872 960 legibus
905 911 1080 949 beneficia
1112 910 1303 960 rependit,

200 983 342 1030 reliqua
388 982 613 1028 animantia,
660 993 754 1029 quae
790 992 867 1019 non
902 981 1016 1019 libere
1048 989 1187 1030 agunt,
1237 990 1304 1017 nec

198 1053 313 1101 igitur
334 1061 495 1100 possunt
521 1052 719 1088 observare
744 1052 841 1098 leges
869 1049 1012 1088 divinas
1028 1077 1041 1096 ‚
1069 1048 1306 1098 benignitatis

199 1122 346 1160 divinae
387 1120 585 1169 participes
632 1132 714 1158 esse
750 1131 827 1158 non
857 1128 1034 1168 possunt.
1073 1141 1128 1149 —
1165 1118 1306 1157 Deinde

200 1190 363 1230 vidimus
407 1192 648 1229 Socratem
702 1190 928 1228 existimasse
949 1218 962 1236 ‚
1015 1190 1118 1226 Deos
1162 1195 1305 1225 certum

202 1260 384 1307 quendam
409 1261 550 1297 cultum
575 1258 781 1296 instituisse
808 1257 844 1295 in
878 1257 1035 1305 singulis
1067 1255 1307 1302 civitatibus,

204 1341 313 1378 quem
342 1330 510 1367 homines
537 1329 629 1375 ipsis
652 1338 835 1376 praestare
858 1327 1047 1365 deberent.
1091 1326 1174 1364 Hoc
1201 1325 1307 1364 etiam

203 1400 363 1438 manavit
391 1410 435 1437 ex
458 1399 523 1436 illo
545 1397 820 1446 conjunctionis
845 1398 955 1434 modo
982 1397 1108 1445 legali.
1149 1396 1245 1434 Nam
1270 1395 1310 1433 in

207 1481 251 1507 eo
287 1469 459 1507 homines
507 1478 585 1505 non
618 1467 735 1505 divini
778 1466 912 1505 amoris
958 1477 1072 1504 sensu
1112 1466 1156 1503 ad
1187 1467 1309 1504 Deum

1231 1536 1311 1574 red·

207 1627 373 1657 doctrinae
408 1627 600 1657 Socraticae
634 1625 756 1662 indoli;
797 1626 884 1665 quod
917 1625 1036 1663 optime
1069 1623 1229 1654 illucescit
1243 1644 1253 1661 ,
1287 1625 1314 1653 si

207 1681 409 1711 conferamus
436 1678 628 1710 Socratis
649 1680 795 1715 dictum,
817 1681 956 1709 Memor.
982 1677 1048 1708 111.
1074 1688 1102 1708 c.
1128 1687 1159 1718 9.
1183 1680 1213 1718 5.
1241 1675 1311 1714 15·,

211 1735 282 1776 (ubi
309 1734 379 1764 Deo
404 1733 617 1773 gratissimum
642 1743 707 1761 esse
734 1742 805 1761 eum
832 1731 935 1766 dicit,
977 1731 1032 1770 qui
1075 1729 1182 1761 civilia
1214 1729 1317 1759 officia

207 1793 290 1822 bene
323 1792 458 1830 peragit)
478 1812 487 1827 ,
531 1802 600 1820 cum
635 1790 702 1819 illis
737 1789 933 1817 Platonis
966 1788 1093 1818 verbis:
1142 1787 1317 1828 πειρᾶσθαι

211 1851 278 1891 χρὴ
300 1846 424 1882 ἐνθένδε
438 1846 577 1890 Φεύγειν
595 1844 647 1879 ὅτι
663 1847 845 1887 τάχιστοι,
873 1843 967 1886 Φυγῆ
982 1843 1018 1877 ἒέ
1034 1844 1183 1885 ὁμοίωσις
1199 1846 1247 1886 τῷ
1262 1844 1318 1885 6εῷ

210 1908 272 1933 etc.
316 1902 514 1932 Socrates
535 1901 663 1929 omnino
685 1900 833 1938 loquitur
860 1898 898 1927 de
924 1898 1059 1937 quadam
1081 1897 1218 1926 hominis
1244 1907 1315 1927 cum

212 1956 286 1986 Deo
313 1954 542 1990 similitudine,
573 1954 606 1982 in
639 1962 675 1982 eo
700 1963 813 1990 nempe
840 1953 963 1990 posita,
995 1950 1082 1990 quod.
1107 1951 1227 1980 animus
1253 1950 1317 1979 hu-

213 2019 325 2038 manus
351 2018 466 2046 corpus
487 2011 597 2045 regat,
627 2017 684 2036 nec
706 2009 810 2035 tamen
833 2005 1068 2043 conspiciatur,
1100 2005 1210 2042 prouti
1232 2002 1320 2033 Deus

213 2063 395 2092 universum
422 2070 533 2099 regens
553 2060 620 2097 ipse
646 2069 774 2098 quoque
799 2068 863 2088 non
885 2057 1143 2096 conspiciendum
1169 2067 1201 2085 se
1223 2066 1320 2095 prae-

212 2117 291 2146 bet:
327 2115 381 2144 sed
417 2113 495 2143 haec
532 2117 579 2142 est
616 2112 792 2141 similitudo
830 2111 999 2141 naturalis
1014 2132 1023 2146 ‚
1061 2121 1124 2140 non
1153 2109 1289 2139 moralis
1304 2130 1313 2144 ‚

214 2170 254 2199 acl
276 2180 371 2209 quam
389 2167 484 2197 homo
505 2171 591 2196 recta
612 2166 730 2205 ingenii
751 2166 799 2194 sui
817 2165 922 2194 divini
933 2164 1144 2202 explicatione
1163 2162 1322 2201 pervenit.

214 2223 310 2254 Cous.
334 2224 432 2251 Mem.
461 2220 522 2250 lv.
545 2231 574 2250 c.
603 2221 632 2250 3.
650 2223 681 2260 5.
711 2219 760 2250 14.
786 2219 813 2248 1.
834 2229 861 2248 c.
881 2218 913 2248 4.
940 2221 971 2258 5.
989 2227 1036 2257 17.
1060 2217 1111 2246 Cf.
1128 2226 1199 2246 van
1224 2215 1324 2244 Vel..

216 2271 310 2312 zen,
338 2274 475 2304 Dissert.
502 2274 540 2302 de
562 2274 705 2303 hominis
725 2283 797 2301 cum
818 2274 886 2301 Deo
901 2269 1138 2304 similitudine,
1163 2267 1321 2308 Groning.

217 2329 307 2363 1855.
332 2339 364 2367 p.
388 2328 427 2368 93
453 2337 523 2367 sqq.

1473 661 1482 787 l

1474 789 1482 842 ἲ

1474 865 1481 944 3
