1487 2625
470 173 880 217 CHEMICA·
1188 192 1235 229 23

123 291 189 327 par
224 287 281 318 est
317 282 566 327 protrahatur.
644 284 846 323 Transiens
886 287 1108 327 destinatum
1143 300 1230 328 cum

121 348 252 387 lixivio
277 358 449 397 potassae
474 356 656 391 causticae
687 366 772 401 1,12
797 358 913 403 pond.
944 369 1046 406 spez.
1075 360 1226 396 miscea-

119 425 182 455 tur
213 426 249 455 et
282 418 424 457 calefiat
454 420 491 458 in
523 432 697 460 contactu
723 425 833 463 aeris.
887 425 1118 476 Refrigerato
1144 429 1229 466 des:

118 487 266 535 tillato‚
300 500 487 537 separatur
511 491 648 539 eupion
674 503 932 541 supernatans,
997 497 1097 534 Haec
1121 499 1224 536 solu-

117 556 172 595 tio
205 569 289 596 cum
319 559 423 597 acido
449 561 667 608 sulphurico
693 564 811 601 diluto
838 564 1022 613 injiciatur
1046 567 1083 604 in
1114 568 1224 605 vitre-

115 638 172 664 am
209 635 380 666 retortam
419 629 622 668 tubulatam
640 660 652 677 ‚
683 634 806 680 amplo
835 635 1035 683 recipiente
1061 636 1220 675 instruc-

114 703 200 733 tam.
257 698 407 736 Clausis
446 700 589 737 cunctis
622 710 783 740 retortae
814 706 995 752 aperturis
1019 707 1220 744 destillatio

114 763 359 812 instituatur,
398 779 469 814 qua
498 769 652 807 durante
680 782 746 817 per
769 773 898 810 tubum
927 785 1020 821 aqua
1042 775 1155 813 calida
1182 776 1221 812 in

112 842 286 873 retortam
322 835 532 885 injiciatur,
573 839 657 877 dum
701 840 738 877 in
779 842 856 890 ejus
901 842 1019 881 fundo
1055 846 1220 893 guttulae

112 903 338 942 Creosoti
371 907 668 955 conspiciuntur.
742 911 864 948 Finita
899 914 1143 957 destillatione
1179 918 1220 952 in

110 974 320 1022 recipientis
346 975 464 1014 fundo
491 978 777 1016 Creosotum
806 981 1018 1029 invenitur,
1053 984 1113 1020 eui
1137 995 1218 1031 par-

109 1054 155 1081 va
176 1055 292 1092 aquae
320 1046 540 1084 Creosoti
569 1049 753 1094 quantitas
781 1060 1008 1098 supernatat.

599 1175 633 1222 ἕ.
666 1188 726 1214 10.

215 1268 275 1304 De
297 1269 465 1320 parandi
490 1273 635 1308 ratione
659 1271 856 1311 secundum
884 1276 964 1312 Del
992 1275 1083 1314 Buc
1099 1303 1111 1320 ‚

539 1354 585 1378 ex
602 1342 779 1391 fuligine.

158 1434 202 1472 In
238 1439 412 1477 omnibus
447 1441 520 1478 huc
555 1453 675 1489 usque
708 1445 882 1481 enarratis
921 1445 1105 1483 methodiS
1139 1445 1215 1482 ani-

109 1506 368 1547 madvertimus
384 1538 396 1557 ,
421 1512 465 1548 ad
488 1514 773 1559 praeparandum
801 1515 832 1551 C
848 1523 1087 1551 reosotum
1114 1515 1216 1552 adhi-

109 1574 187 1612 beri
230 1577 347 1624 picem
391 1580 565 1627 liquidam
606 1584 662 1620 vel
700 1583 840 1620 acidum
886 1576 1184 1633 pyro-lignosum
1202 1613 1214 1628 .,

110 1646 213 1692 quod
243 1656 278 1684 et
303 1648 424 1695 ipsum
452 1659 624 1699 tanquam
653 1652 793 1689 solutio
824 1653 916 1700 picis
942 1654 1102 1700 liquidae
1129 1666 1212 1692 cum

109 1715 214 1753 acido
236 1719 374 1755 acetico
400 1719 519 1758 diluto
547 1721 849 1759 considerandum
879 1733 950 1760 est.

160 1785 246 1823 Del
268 1786 360 1824 Buc
388 1797 506 1826 tamen
529 1791 561 1828 C
577 1801 820 1829 reosotum
847 1794 1072 1841 praeparavit
1087 1806 1135 1848 *ex
1157 1794 1216 1832 fu-

109 1853 223 1903 ligine
256 1856 371 1905 (quae
395 1870 440 1896 ex
464 1858 618 1897 fabricis
640 1861 732 1898 acidi
759 1862 1009 1910 pyro-lignosi
1032 1864 1214 1911 petitur),

111 1933 147 1962 et
175 1925 324 1972 quidem
352 1928 418 1965 hac
447 1930 646 1968 methodo:
675 1930 759 1979 (1).

161 1995 378 2035 Destilletur
405 1997 525 2046 fuligo
542 2027 554 2045 ‚
597 2011 715 2048 usque
746 2001 832 2037 dum
857 2001 1036 2040 transiens
1059 2000 1218 2040 destilla-

110 2073 188 2103 tum
213 2066 310 2104 haud
335 2067 494 2114 amplius
521 2080 637 2106 acrem
669 2081 836 2116 saporem
868 2068 1014 2109 habeat.
1069 2073 1218 2110 Sature-

1159 2152 1218 2179 tur

154 2216 201 2255 (ι)
224 2217 319 2247 Conf.
351 2219 488 2250 Pharm.
506 2221 685 2250 Centralbl.
722 2220 812 2250 1834.
848 2221 911 2252 1⁷⁰.
933 2231 982 2252 12.
1018 2233 1049 2261 p·
1066 2223 1217 2263 185-137.

119 2270 195 2299 δατ.
210 2271 334 2301 Eclett.
348 2273 493 2313 discerni.
519 2273 606 2305 1834.
628 2285 658 2313 p.
674 2282 813 2314 97-101.
