1487 2625
257 195 303 239 48
482 184 1146 228 COMMENTATIO

258 303 310 340 sic
365 298 614 337 ratiocinando
643 309 653 335 ε
718 297 944 334 Creosotum
983 294 1092 331 habet
1148 293 1357 331 affinitatem

256 382 340 408 sese
364 380 446 406 cum
494 377 644 415 potassa
684 366 846 413 auhydra
886 362 1138 402 combinandi.
1207 364 1358 401 Potassa

254 448 399 483 autem,
436 437 496 474 hic
537 446 668 483 aquam
693 435 916 480 continens,
956 434 1039 471 ideo
1069 433 1163 471 hanc
1190 433 1358 480 excutit,

255 509 342 546 dum
394 517 583 544 remanens
630 506 765 553 hydras
809 513 979 552 potassae
1017 502 1158 541 siccum
1191 529 1205 549 ‚
1264 503 1358 541 hane

253 588 383 625 aquam
414 575 616 622 absorbet,
655 581 808 622 propter
846 575 925 622 eJ'us
962 573 1008 610 ad
1039 583 1172 620 aquam
1207 570 1360 610 affinita-

252 657 339 686 tem.
418 645 565 696 Quodsi
614 645 748 682 densus
786 643 847 680 ille
898 643 1023 690 liquor
1073 642 1111 680 in
1152 640 1361 680 cochleario

253 716 416 765 platineo
474 715 705 753 incandescat
724 741 737 760 ,
803 722 880 750 tum
902 740 915 759 ‚
968 711 1193 759 aliquamdiu
1235 719 1324 759 post
1346 737 1361 757 ‚

253 788 410 825 multum
445 795 615 835 potassae
657 793 832 821 remanet.
886 782 929 820 In
973 781 1120 830 liquore
1153 789 1275 819 autem
1309 790 1364 819 te·

251 857 383 894 nuiore
426 855 631 894 formantur
674 854 845 902 crystalla
871 880 884 898 ‚
935 851 1065 890 meiius
1105 852 1252 899 quidem
1292 851 1362 889 ob·

253 926 428 963 servanda
447 925 635 963 miscendo
657 923 884 961 Creosotum
906 933 990 959 cum
1018 920 1209 959 solutione
1237 928 1362 968 potas·

253 1007 313 1033 sae
338 1004 596 1041 concentrata;
634 1003 712 1031 tum
744 992 874 1031 iterum
907 990 1063 1029 habetur
1095 989 1264 1028 evolutio
1303 1001 1363 1027 ca-

250 1067 342 1103 loris
368 1094 382 1112 ‚
435 1073 471 1102 et
512 1063 718 1101 formantur
774 1062 869 1101 duae
921 1060 1213 1098 combinationes
1265 1059 1359 1109 (hoc

250 1146 339 1173 vero
366 1133 531 1172 lixivium
564 1132 808 1170 fortissimum
840 1131 888 1168 sit
918 1141 1070 1167 necesse
1094 1138 1174 1177 est3
1212 1129 1250 1167 in
1277 1129 1362 1167 lixi-

251 1205 313 1243 vio
340 1204 434 1242 enim
463 1215 476 1241 1
495 1231 508 1250 ‚
524 1204 572 1252 36
595 1202 710 1250 pond.
740 1212 844 1249 spec.
874 1201 961 1237 haec
986 1200 1237 1247 phaenomena
1260 1197 1359 1236 haud

250 1274 410 1322 amplius
451 1273 720 1319 observantur)
748 1271 862 1308 altera
897 1268 1075 1307 Creosoti
1109 1279 1193 1306 cum
1234 1276 1360 1316 potas·

250 1336 318 1388 sa,
346 1343 465 1381 forma
494 1342 647 1388 oleosa‚
667 1341 784 1382 ,altera
808 1348 926 1377 autem
962 1338 1083 1377 forma
1108 1340 1266 1386 aquosa.
1312 1339 1356 1376 In

252 1423 406 1460 utraque
446 1412 652 1449 formantur
698 1411 870 1458 crystalla
913 1408 1206 1456 lamelliformia‚
1259 1408 1359 1448 nito·

250 1495 324 1521 rem
359 1482 653 1530 margaritaceum
683 1480 868 1519 habentia.
925 1479 1024 1517 Haec
1061 1479 1259 1526 crystalla,
1293 1489 1356 1516 ex-

250 1555 403 1600 siccata,
440 1552 547 1590 facile
580 1552 616 1588 in
652 1562 746 1598 aqua
776 1551 996 1595 solvuntur,
1040 1548 1124 1586 dein
1156 1547 1260 1586 acido
1290 1549 1360 1598 hy·
1393 1576 1396 1579 .

249 1622 500 1661 dro-chlorico
534 1622 881 1667 decomponuntur‚
920 1618 968 1656 ita
994 1617 1168 1665 quidem,
1196 1627 1238 1654 ut
1264 1618 1360 1656 oria-

249 1705 309 1730 tur
343 1693 591 1729 chioruretum
622 1688 807 1738 potassii‚
834 1697 869 1725 et
904 1689 1130 1725 Creosotum
1160 1687 1353 1726 liberetur.

250 1764 288 1801 Si
323 1772 441 1800 autem
476 1762 576 1809 justa
620 1759 815 1807 proportio
858 1758 906 1796 sit
947 1757 1136 1803 adhibita,
1189 1757 1356 1797 materies

250 1834 373 1870 oleosa
408 1830 528 1868 omnis
563 1837 725 1866 mutatur
752 1828 789 1865 in
822 1828 1014 1875 crystalla,
1058 1837 1152 1874 quae
1181 1837 1356 1866 constant

250 1915 290 1939 ex
329 1911 475 1949 potassa
516 1897 760 1944 Creosotica,
803 1906 837 1934 et
873 1897 910 1934 in
948 1897 1075 1935 lixivio
1113 1895 1235 1934 minus
1267 1907 1357 1935 con-

248 1980 411 2009 contrato
451 1979 604 2015 natant,
652 1969 753 2015 quod
791 1967 958 2005 lixivium
989 1976 1110 2004 tamen
1141 1978 1267 2015 parum
1292 1967 1355 2004 ad-

248 2043 320 2079 huc
353 2039 527 2079 Creosoti
563 2038 744 2076 continet.
801 2039 943 2084 Causa,
971 2047 1038 2074 cur
1068 2036 1233 2074 lixivium
1267 2047 1352 2084 spe-

246 2111 351 2149 cifice
398 2111 458 2148 fiat
504 2108 649 2155 levius,
702 2107 740 2144 in
781 2118 825 2144 eo
867 2107 1071 2155 quaerenda
1117 2115 1197 2152 est,
1250 2106 1354 2152 quod

251 2183 475 2220 Creosotum
518 2189 600 2215 cum
647 2185 797 2226 potassa
849 2176 1011 2224 anhydra
1057 2187 1097 2212 se
1144 2175 1354 2224 conjungit.

253 2252 317 2290 Ilia
354 2258 472 2287 autem
508 2248 678 2296 crystalla
719 2246 924 2284 funduntur
959 2246 1106 2292 calore,
1157 2255 1233 2282 non
1264 2256 1351 2283 vero

1297 2314 1357 2351 de-
