1487 2625
227 197 251 239 6
446 188 1104 234 COMMENTATIO

228 314 317 350 num
341 304 408 351 (ι)
435 304 471 341 in
505 303 564 341 illa
597 302 852 341 inveniuntur.
910 303 1082 340 Diversae
1114 301 1324 338 iteum-‚unc

229 382 318 411 sunt
347 384 389 420 15
414 386 451 420 p.
474 384 493 409 c
538 381 657 419 partes
696 371 796 410 fluidi
835 371 994 418 aquosi,
1021 364 1339 419 quaes'adhibita‘

229 443 312 491 pice
344 442 482 490 liquida
508 442 686 489 vegetali,
719 442 823 478 acido
854 440 992 477 acetico
1030 444 1211 485 scatent5‘
1231 447 1328 487 quae·

228 521 374 558 autem,
411 511 443 548 si
478 511 565 548 haec
597 513 646 548 sit
678 511 842 549 animalis
867 510 925 547 vei
950 519 994 546 ex
1018 507 1341 546 lithanthracibus·

226 589 373 629 parata,
397 580 485 618 salia
510 579 778 618 ammoniacalia
806 579 927 617 soluta
953 578 1161 616 continent.

231 637 234 639 v
278 651 362 700 Qua
407 650 652 695 distellatione
703 649 828 696 finita,
867 658 918 696 45
953 658 1056 697 pse.
1096 654 1218 694 partes
1253 645 1325 683 olei

226 720 397 767 acquisiti
433 720 471 757 in
506 720 731 767 recipiente,
770 720 808 756 in
843 721 940 766 aqua
972 717 1210 756 seceduntin
1234 717 1324 755 duas

227 798 375 838 partes,
404 801 557 837 quarum
583 791 694 827 altera
714 791 808 837 aquai
830 788 1002 836 specifice
1017 786 1188 837 gravior,
1215 788 1326 824 altera

227 859 399 906 specifice
433 859 551 897 levior
573 867 644 897 est.
699 858 896 906 Separatim
934 858 1191 904 destinentur,
1232 867 1326 903 quae

228 929 393 978 operatio
431 930 567 966 tamdiu
615 937 824 977 repetatur,
877 929 994 966 donec
1032 928 1131 964 nulia
1166 925 1342 973 amplius·

227 1000 445 1039 observetur
477 999 673 1047 separatio.
726 998 859 1037 Oleum
879 1026 891 1045 ,
932 998 1033 1045 quod
1056 1007 1171 1044 aquae
1196 1006 1325 1044 super·

227 1077 349 1114 natat,
385 1080 454 1115 pro
495 1068 650 1106 maxima
687 1078 790 1116 parte
825 1080 868 1106 ex
889 1067 1000 1116 eupio
1025 1075 1201 1105 constans
1223 1075 1324 1103 atno-

224 1146 355 1177 veatur
380 1139 447 1186 (ex
462 1138 723 1186 operatione),
750 1139 837 1175 dum
865 1138 983 1174 oleum
999 1165 1012 1183 ‚
1041 1137 1144 1184 quod
1168 1136 1205 1172 in
1229 1138 1326 1182 'aqua

225 1206 379 1244 fundum
395 1207 488 1255 petit
504 1236 516 1253 ‚
544 1206 684 1255 quippe
697 1207 894 1255 plurimum
911 1218 953 1244 ex
977 1207 1215 1245 Creosoto
1237 1213 1327 1242 con·

227 1285 356 1322 stans,
396 1277 564 1324 sequenti
604 1276 712 1314 modo
751 1278 963 1324 deputetur.
1017 1275 1176 1314 Primum
1200 1276 1322 1313 oleum

225 1346 483 1389 neutralisetur
516 1346 712 1390 car-bonate
751 1356 946 1394 potassae‚
996 1357 1067 1393 qua
1109 1345 1324 1393 operatione

224 1413 407 1461 formatur
448 1415 612 1453 lixivium
663 1417 891 1466 (salinum),
943 1416 1044 1463 quod
1082 1414 1321 1462 separandum

227 1493 297 1531 est.
326 1485 457 1522 Oleum
482 1497 569 1529 vero
595 1486 724 1523 iterum
752 1486 981 1532 disteuetur,
1008 1485 1129 1523 eadem
1152 1485 1323 1521 cautione

227 1554 410 1600 adhibita,
457 1567 565 1602 quam
606 1557 643 1593 in
682 1555 955 1603 praeparatione
991 1566 1036 1593 ex
1070 1554 1174 1592 acido
1211 1565 1322 1604 pyro-

223 1625 372 1672 lignoso
397 1625 636 1663 adhibendam
664 1637 744 1663 esse
770 1625 946 1664 diximus.

275 1694 434 1732 Primum
467 1696 646 1732 transiens
681 1696 901 1734 destillatum
938 1695 1093 1732 subinde
1121 1705 1234 1741 aquae
1260 1704 1322 1731 su-

224 1773 416 1817 pernatat,
471 1765 572 1811 quod
618 1765 758 1812 igitur,
810 1765 1008 1813 plurimum
1048 1765 1188 1802 scilicet
1223 1763 1323 1811 eupii

1233 1843 1324 1870 con·

222 1896 278 1935 der
297 1895 450 1932 trokkene
462 1896 686 1925 Destillation
705 1896 917 1936 organz'sclzer
932 1897 1072 1937 Kb'rper·
1114 1895 1136 1926 S
1148 1895 1324 1935 chweig-

223 1948 474 1989 gerSeidel,
505 1950 548 1978 N.
573 1949 691 1979 Jahrb.
714 1950 770 1979 der
798 1950 923 1979 Chemie
943 1960 976 1979 u.
997 1949 1144 1988 Physik‚
1166 1949 1259 1979 Tom.
1274 1948 1321 1978 11.

220 2015 253 2044 p.
268 2004 420 2045 273-304.
1290 2024 1292 2026 -

226 2048 230 2050 Y
266 2060 315 2095 (2)
339 2056 418 2088 vid.
447 2057 486 2085 de
508 2055 746 2094 Naphthaiino:
811 2054 834 2084 S
849 2066 865 2085 c
879 2054 898 2083 h
913 2052 937 2084 ἐν
951 2065 967 2083 e
981 2055 991 2083 i
1005 2065 1023 2094 g
1036 2065 1054 2094 g
1067 2065 1083 2083 e
1097 2065 1114 2084 r
1131 2054 1154 2084 S
1168 2064 1185 2084 e
1197 2053 1209 2082 i
1222 2053 1242 2082 d
1256 2053 1320 2090 el,

223 2111 339 2153 Jahrb.
355 2112 410 2140 cler
427 2111 552 2149 Chemje
566 2121 598 2139 ιι.
613 2109 759 2148 Physik,
805 2108 895 2138 1830.
937 2107 1031 2138 Tom.
1047 2096 1093 2137 Π.
1114 2117 1148 2145 Ρ.
1167 2105 1320 2138 456-460.

225 2165 315 2193 1831.
337 2163 429 2193 Tem.
446 2163 471 2193 Ι.
495 2174 526 2201 p.
545 2163 694 2203 175-196.
754 2161 843 2192 1852.
867 2161 959 2193 Tom.
975 2161 1036 2192 VI.
1058 2161 1214 2201 p.75-78.
1243 2160 1321 2191 104-

224 2219 293 2257 ξοδ.
337 2215 429 2245 Τοιη.
447 2216 546 2246 viu.
570 2227 599 2254 p.
617 2215 764 2245 225-234.
788 2215 937 2254 258-269.
992 2215 1166 2253 Geiger,
1188 2213 1323 2244 Handb.

223 2272 280 2313 der
302 2271 498 2300 Pharmacie
511 2291 520 2307 ,
543 2271 594 2300 [Me.
612 2269 697 2299 Auli.
720 2279 750 2306 p.
766 2268 836 2306 31¹·
