1487 2625
519 190 915 231 tNTRonucTio.
1251 206 1274 242 9

168 299 350 338 sentiendi
373 299 635 349 cogitandique
659 301 799 338 ratione
822 302 948 347 omni,
962 312 979 338 a
994 300 1273 341 nobisdi'versi:

169 380 248 409 tum
281 371 377 408 enim
402 382 499 418 opus
528 379 610 418 est,
638 381 679 408 ut
700 381 827 409 omnes
856 371 1025 419 proprias
1053 371 1277 417 sententias,

165 440 408 488 ‚quantumvis
434 441 583 478 dilectas
600 468 613 487 ‚
642 442 894 488 deponamus,
934 452 968 478 et
998 441 1172 478 omnibus
1197 440 1280 489 opi-

135 513 137 515 ’
169 510 347 549 nionibus
376 510 632 560 praejudicatis
660 511 793 557 liberi,
832 511 870 547 in
904 513 1055 548 alienam
1083 522 1154 549 nos
1182 522 1281 549 men-

169 588 242 618 tem
275 580 462 618 insinuare
487 592 688 629 conemur;
729 581 762 618 si
783 581 931 628 quidem
958 581 1058 618 illius
1087 581 1282 630 opiniones

169 652 349 688 eruendae
372 651 473 698 sint,
501 661 577 688 non
602 659 751 688 nostrae
780 651 831 688 illi
854 651 1121 688 obtrudendae.
1165 650 1305 698 quue·

171 731 216 758 eo
239 720 424 758 difficilius
449 730 529 766 est,
569 732 648 768 quo
686 720 800 768 magis
833 720 870 757 in
905 731 946 758 ea
981 732 1020 758 re
1053 732 1165 767 vera,
1193 721 1218 759 i.
1248 733 1282 759 e.

163 789 442 839 ,Pragmatica,
468 790 612 828 ratione
634 797 690 828 est
715 790 958 838 versandum,
991 790 1040 828 ita
1058 800 1098 828 ut
1112 802 1188 829 non
1207 800 1286 829 tan—

169 866 250 897 tum
274 861 406 908 placita
429 859 572 908 singula
594 859 758 898 auctoris
785 860 899 898 menti
932 861 1195 898 convenienter
1222 872 1285 899 ex-

171 938 384 978 ponantur,
423 930 489 968 sed
510 931 618 968 etiam
645 931 877 978 inquiratur,
919 941 1112 977 quamnam
1142 941 1289 969 senten-

173 997 245 1036 tiae
271 999 438 1048 singulae
466 1000 562 1037 inter
588 1011 628 1036 se
653 1001 954 1049 conjunctionem
981 1000 1165 1047 habeant,
1194 1012 1290 1048 quo-

173 1069 286 1105 modo
301 1080 343 1105 ex
363 1070 527 1106 omnium
544 1069 805 1106 sententiarum
822 1069 1146 1117 doctrinarumque
1161 1070 1288 1118 fonte,

174 1137 322 1187 ingenio
350 1138 538 1184 humano,
578 1138 832 1183 manaverint,
872 1139 1064 1186 quomodo
1088 1139 1160 1176 hoc
1190 1139 1291 1187 inge-

172 1207 274 1245 nium
313 1207 352 1245 in
387 1208 544 1255 singulis
582 1207 798 1245 hominibus
827 1208 877 1245 sit
902 1208 1046 1246 diverse
1072 1211 1258 1246 excultum
1277 1238 1291 1256 ‚

173 1288 239 1325 per
273 1287 394 1314 rerum
430 1277 594 1314 civilium
645 1285 680 1314 et
718 1277 972 1325 religiosarum
1011 1279 1290 1325 conditionem,

174 1346 289 1385 sortis
324 1347 629 1392 vicissitudines,
671 1354 854 1394 quatenus
880 1358 964 1384 cum
992 1349 1141 1395 ingenio
1165 1349 1288 1397 gentis

173 1416 396 1463 conveniat,
439 1426 620 1464 quatenus
657 1417 805 1464 privum
837 1428 877 1454 ac
914 1418 1097 1465 peculiare
1124 1419 1174 1455 sit
1201 1419 1288 1468 (ι).

175 1488 249 1526 Sed
261 1488 299 1524 in
311 1487 523 1536 explicanda
537 1488 560 1525 S
574 1499 596 1524 o
608 1499 627 1524 c
639 1487 757 1524 ratis
771 1487 815 1524 de
830 1487 941 1524 rebus
957 1488 1090 1524 divinis
1107 1488 1290 1534 doctrina,

164 1558 481 1596 ‚Memorabilibus
499 1557 763 1606 Xenophonteis
789 1567 990 1605 contenta,
1018 1560 1152 1596 adsunt
1178 1570 1290 1606 pecu-

173 1627 281 1664 liares
319 1627 553 1664 difficultates
589 1627 679 1664 varii
716 1627 873 1676 generis.
928 1628 1157 1667 Socrates
1195 1627 1291 1665 enim

176 1697 300 1735 noluit
321 1706 481 1745 systema
504 1697 766 1746 philosophiae
787 1698 972 1744 condere,
1001 1699 1065 1735 sed
1085 1698 1125 1735 id
1148 1706 1289 1736 tantum

177 1766 275 1814 egit,
304 1775 345 1803 ut
371 1766 505 1803 civium
523 1777 677 1803 suorum
691 1766 834 1803 animos
852 1765 1291 1813 moresqueinformaret.

180 1836 280 1873 Hinc
307 1846 384 1872 non
407 1835 620 1873 versabatur
646 1836 683 1873 in
709 1837 859 1873 scholae
887 1836 1026 1873 umbris
1043 1864 1056 1883 ,
1095 1847 1163 1874 nec
1186 1837 1297 1875 disci-

177 1906 289 1954 pulos
338 1916 428 1942 suos
475 1905 631 1942 docebat
670 1914 833 1953 systema
866 1906 1081 1952 quoddam,
1130 1918 1150 1945 e
1184 1907 1293 1945 certis

177 1975 370 2025 principiis
410 1975 636 2021 deductum,
679 1985 714 2011 et
754 1974 882 2011 ordine
921 1974 1177 2022 dispositum:
1229 1976 1295 2014 sed

176 2045 394 2084 versabatur
435 2045 472 2082 in
505 2043 591 2082 foro
627 2052 663 2080 et
695 2043 854 2090 plateis,
897 2052 933 2080 et
969 2043 1196 2092 ubicumque
1219 2054 1296 2083 erat

1217 2114 1294 2153 fre-

223 2203 270 2243 (ι)
301 2201 388 2232 Haec
420 2201 524 2232 omnia
540 2221 550 2238 ‚
585 2211 601 2229 a
636 2201 716 2231 viris
736 2200 862 2231 demum
882 2201 968 2230 omni
989 2201 1155 2231 literarum
1178 2212 1294 2242 genere

178 2255 330 2294 perfectis
365 2254 579 2294 praestanda,
614 2254 786 2293 complecti
821 2256 1047 2294 pragmaticam
1070 2254 1294 2295 philosophiae

181 2307 372 2348 historiam,
398 2308 493 2339 docet
518 2307 782 2339 Tennemann
804 2306 865 2338 l.l.
887 2306 983 2339 Tom-
1007 2309 1035 2340 1.
1059 2311 1091 2350 §0
1115 2309 1226 2342 11-14.
