1487 2625
242 187 288 227 32
463 171 1132 214 COMMENTA‘rto

237 286 404 324 mitatum
440 284 570 321 dolore
611 292 646 320 et
684 281 910 320 titillationis
947 282 985 319 in
1025 290 1110 319 cute
1144 281 1355 320 sensatione

239 353 463 403 querebatur
500 364 622 402 aegra.
700 352 912 391 Accedebat
949 352 1008 389 die
1044 352 1232 400 septimo,
1267 363 1354 390 cum

236 436 356 463 cetera
379 430 629 473 symptomata
664 423 784 460 eadem
819 422 895 460 fere
927 422 1175 468 mansissent,
1210 421 1356 461 subita·

234 506 304 534 nea
330 506 446 541 eaque
473 495 580 541 plena
605 492 789 532 sentiendi
821 492 1007 530 facultatis
1043 492 1199 530 abolitio
1216 521 1230 540 ‚
1262 503 1356 531 con-

235 564 431 602 vulsiones
466 563 564 601 dirae
586 563 755 611 brachii,
785 562 968 611 imprimis
1001 562 1143 600 sinistri
1172 564 1358 612 ejusdem-

233 644 309 682 que
334 633 456 671 lateris
483 632 625 680 cruris,
653 645 736 671 cum
766 632 902 682 insigni
937 633 1012 671 oris
1048 643 1239 682 spumatu.
1290 634 1358 673 Ina

233 715 300 753 per
324 705 498 753 integram
530 713 677 741 noctem
701 703 913 751 perstabat,
943 704 1009 740 hae
1035 714 1125 741 vero
1150 711 1240 751 post
1264 704 1356 741 duas

233 775 345 812 horas
373 774 548 812 silebant.
604 774 673 812 Per
698 772 796 812 diem
829 773 951 810 morbi
985 783 1157 812 octavum
1176 801 1189 820 ‚
1219 784 1366 821 sopore·

234 843 388 893 affecta,
408 843 586 883 decubuit
599 872 612 890 ‚
634 855 717 880 curn
745 842 1013 880 extremitatum
1031 851 1135 880 motu
1150 843 1310 880 tremulo
1319 851 1357 880 et

233 915 393 963 repetito
425 913 678 963 praecedentis
706 912 779 951 diei
804 913 1096 951 convulsionum
1122 915 1356 961 paroxismo.

232 984 368 1023 Omnia
405 985 578 1032 sequenti
614 983 673 1021 die
719 994 946 1032 magnopere
984 982 1358 1031 deprehendebantur

234 1055 452 1102 emendata,
479 1055 545 1092 sed
572 1054 716 1091 decimo
745 1052 866 1090 morbi
901 1053 982 1100 die,
1012 1053 1069 1091 bis
1098 1053 1276 1102 epilepsia
1301 1052 1358 1091 in·

230 1125 388 1165 vadebat
405 1153 418 1172 ,
455 1136 528 1172 qua
562 1125 645 1162 inde
670 1124 716 1161 ab
744 1123 812 1161 illo
845 1133 1012 1169 tempore
1038 1134 1161 1170 usque
1187 1124 1234 1162 ad
1258 1122 1356 1162 diem

233 1195 405 1234 veneficii
435 1195 618 1234 decimum
654 1204 794 1232 nonum
822 1193 954 1231 misere
985 1193 1153 1240 quotidie
1179 1192 1359 1241 corripie-

236 1267 358 1305 batur.
412 1266 555 1313 Elapso
586 1266 658 1303 hoc
688 1263 866 1313 temporis
893 1263 1039 1312 spatio,
1069 1264 1191 1312 puella
1218 1264 1356 1302 sensim

234 1336 381 1375 sanitati
401 1336 473 1374 fuit
493 1335 663 1374 restituta
676 1362 689 1382 ,
712 1347 786 1382 qua
811 1334 930 1372 adhuc
953 1333 1118 1382 perfecte
1137 1333 1361 1382 fruebatur,-

231 1418 339 1445 sexto
365 1418 385 1445 a
410 1406 590 1445 veneficio
616 1417 713 1444 anno
738 1406 824 1454 (t).

285 1478 388 1516 Haec
415 1477 628 1515 observatio
657 1476 754 1514 inter
780 1475 987 1513 rarissimas
1015 1473 1141 1512 referri
1170 1481 1355 1521 meretur,

234 1559 312 1587 tum
340 1556 495 1596 propter
518 1547 641 1585 morbi
666 1546 932 1584 vehementiam
948 1572 961 1592 ‚
994 1554 1071 1582 tum
1102 1553 1255 1592 propter
1279 1544 1357 1581 sin-

233 1618 393 1665 gularem
415 1618 493 1666 ejus
518 1617 714 1654 decursum
738 1625 774 1654 et
790 1615 936 1653 felicem
950 1615 1092 1652 tandem
1107 1614 1353 1653 sanationem.

281 1686 324 1724 In
345 1687 417 1724 alio
439 1698 558 1734 casu,
583 1698 604 1724 a
627 1686 894 1724 Marechall
928 1685 1127 1723 observato
1142 1712 1155 1732 ‚
1175 1678 1354 1733 'quinque

233 1758 404 1796 homines
433 1765 682 1806 symptomata
709 1756 931 1794 exhibebant
945 1740 1241 1794 inflammatoria.
1273 1755 1356 1793 Ho-

232 1841 312 1866 rum
327 1840 414 1866 vero
429 1840 526 1865 unus
539 1856 550 1874 ‚
569 1827 690 1876 primo
715 1827 774 1865 die
789 1855 802 1874 ‚
825 1826 1027 1876 epilepsian
1051 1825 1260 1872 contraxit,
1287 1836 1353 1863 cu·

227 1900 291 1948 jus
316 1899 551 1948 paroxismus
577 1897 637 1935 die
670 1897 844 1944 sequenti
875 1897 1017 1935 redibat
1033 1881 1049 1944 ,⁵
1073 1908 1158 1934 cum
1185 1895 1353 1934 motibus

234 1969 355 2006 trunci
390 1967 648 2014 convulsivis‚
688 1967 800 2006 unius
835 1967 957 2004 lateris
995 1977 1150 2015 stupore
1172 1975 1207 2004 et
1232 1967 1354 2004 calore

232 2040 457 2088 prm-imque
481 2038 521 2076 in
545 2049 719 2076 manuum
744 2038 842 2076 volis
867 2038 1081 2086 pedumque
1107 2035 1260 2086 plantis.

1284 2107 1353 2145 ΛΙ-

276 2213 323 2253 (1)
348 2214 383 2243 A
399 2218 476 2243 ease
501 2214 545 2255 of
567 2223 720 2252 recovery
737 2211 832 2253 from
859 2211 914 2240 tlze
938 2211 1050 2250 efficta·
1073 2206 1284 2249 cffAt-senic·
1312 2208 1351 2238 111

218 2286 224 2289 -
235 2266 341 2298 Londz
353 2267 696 2306 ‘Medico-Chirurgi&
718 2267 837 2295 Trans.
854 2264 932 2296 Vol.
944 2264 994 2301 11.
1010 2274 1044 2301 p.
1060 2273 1071 2292 ι
1082 2263 1131 2304 57.
1148 2261 1253 2293 Third
1262 2260 1351 2293 Edit.
