1487 2625
359 197 954 239 THEoLootcA.
1170 215 1218 251 43

84 316 216 358 supra
249 305 437 355 vidimus,
491 307 529 345 in
561 308 700 354 quibus
739 310 840 356 Dei,
891 311 1056 359 omnium
1098 323 1219 350 rerum

101 375 293 423 auctoris,
329 376 435 414 notio
461 377 686 417 dominatur.
742 366 846 417 Alibi
874 381 980 419 etiam
1010 382 1158 430 saepius
1184 384 1222 420 id

101 445 268 493 dicitur,
310 456 346 484 et
386 458 452 495 per
482 457 593 484 totam
623 450 842 487 Socratis
867 452 913 487 de
940 453 1050 489 rebus
1083 451 1219 490 divinis

100 516 306 566 doctrinam
317 517 366 555 ita
380 528 505 567 regnat
522 546 533 564 ,
564 529 604 556 ut
623 530 700 557 non
725 531 822 567 opus
836 520 912 567 sit,
941 522 1087 570 singula
1110 533 1221 568 quae-

100 587 182 628 dam
220 588 302 625 loca
341 587 487 627 afferre.
555 588 760 638 Quomodo
788 600 908 628 autem
937 591 1008 629 hoc
1032 592 1224 631 intellexe-

101 657 422 707 rit-Socrates3
464 669 553 697 num
583 661 703 698 Deum
728 661 898 698 habuerit
921 662 1089 700 materiae
1111 662 1218 699 etiam

100 735 331 776 creatorem,
370 739 418 767 an
453 741 543 767 vero
561 758 573 776 ‚
612 742 697 767 cum
733 731 887 778 reliquis
911 732 1075 779 antiquis
1098 733 1222 780 philo-

101 798 260 846 sophis,
312 799 441 840 mundi
488 808 628 838 tantum
677 801 851 838 artificem
869 829 881 848 ,
939 803 1002 849 qui
1051 801 1222 840 materiae

102 877 269 912 aeternae
300 869 474 911 indiderit
515 869 699 917 sormam,
738 882 814 909 non
845 872 988 919 liquet:
1031 882 1219 919 nusquam

102 938 199 979 enim
239 940 284 978 de
323 950 363 979 ea
406 952 445 979 re
480 941 579 988 apud
623 942 991 989 Xenophontem
1033 942 1220 988 loquitur.

102 1006 173 1049 Uti
201 1008 326 1047 omnia
363 1020 430 1055 ea,
472 1021 568 1057 quae
607 1010 651 1047 ad
685 1010 796 1048 vitam
820 1009 964 1048 civilem
993 1009 1089 1049 bene
1113 1021 1223 1057 agen-

102 1077 185 1117 dam
221 1078 275 1116 nil
303 1078 473 1119 conferre
495 1079 755 1128 existimabam
795 1081 1031 1130 negligebat,
1075 1081 1128 1118 sic
1153 1082 1219 1118 hac

102 1147 149 1191 de.
187 1160 226 1186 re
261 1148 520 1197 philosophari
557 1150 704 1190 noluit:
758 1139 881 1187 noluit
918 1151 1102 1196 scrutari,
1150 1163 1222 1198 qua

103 1217 246 1259 ratione
302 1218 366 1259 Dii
418 1221 563 1268 singula
608 1232 779 1268 quaeque
817 1222 1017 1259 moliantur
1038 1250 1051 1268 ,
1103 1232 1150 1258 ne
1188 1233 1224 1258 et

103 1287 249 1327 inutilia
287 1297 326 1327 et
367 1289 480 1337 impia
513 1301 636 1338 ageret
671 1288 775 1339 (1).⁴
815 1291 930 1340 Quod
956 1304 1041 1329 cum
1068 1293 1118 1329 ita
1146 1293 1224 1338 sit,

103 1368 240 1407 sponte
263 1360 408 1407 liquet,
448 1371 492 1398 ex
517 1372 560 1399 eo
577 1388 589 1407 ,
631 1361 735 1408 quod
759 1361 976 1399 Socrates
994 1389 1008 1408 ,
1044 1370 1225 1409 consueta

105 1434 252 1473 dicendi
273 1436 414 1474 ratione
436 1448 553 1483 usus,
594 1437 714 1474 Deum
743 1435 841 1473 dicat
864 1433 922 1472 τὸν
946 1433 1075 1480 κόσμου
1104 1436 1225 1484 (quae

105 1521 183 1550 vox
211 1512 257 1550 ad
282 1513 453 1558 formam
491 1509 672 1558 refertur)
711 1507 984 1551 συντάττοντα,
1024 1521 1088 1547 aut
1114 1509 1223 1547 etiam

106 1579 316 1629 artificem,
357 1593 516 1629 eumque
546 1590 736 1628 comparet
758 1592 841 1618 cum
867 1580 1007 1618 artifice
1033 1581 1224 1626 humano,

107 1662 153 1689 ex
179 1651 328 1689 materia
348 1680 361 1698 ,
389 1663 482 1699 quae
503 1653 576 1701 J‘am
603 1652 729 1695 adest,
757 1650 951 1688 simulacra
980 1649 1222 1696 efformante‚

107 1721 283 1760 concludi
315 1722 466 1759 minime
504 1733 647 1769 posse,
698 1721 941 1758 Socratem
985 1721 1082 1758 idem
1114 1721 1221 1759 etiam

107 1791 284 1831 statuisse
310 1792 391 1841 (2).
444 1793 541 1830 Nam
568 1793 680 1839 longe
706 1791 772 1828 alia
799 1800 958 1829 tractans
976 1819 989 1838 ‚
1030 1803 1137 1838 quam
1163 1792 1225 1828 illa

109 1864 252 1912 οὐράνιοι
280 1871 317 1900 et
348 1863 535 1911 μετέωροι,
575 1861 704 1909 quidni
743 1861 781 1898 in
817 1862 875 1899 his
911 1873 1143 1899 communem
1170 1863 1224 1898 lo-

108 1932 248 1979 quendi
285 1931 465 1969 rationem
499 1931 747 1978 sequeretur?

169 2001 276 2040 Deus
306 2009 428 2039 autem
465 2012 584 2039 rerum
628 2009 778 2038 naturae
808 2009 969 2047 auctor,
1020 2000 1141 2038 omnia
1177 2000 1224 2038 ita

107 2072 340 2120 constituit,
378 2081 421 2109 ut
447 2072 587 2120 optima
612 2080 648 2109 et
685 2072 729 2110 ad
766 2082 875 2110 usum
906 2070 1098 2119 aptissima
1131 2070 1223 2109 sint.

1144 2141 1222 2190 Jam

153 2217 201 2258 (ι)
226 2220 326 2248 Mem.
350 2216 412 2247 1V.
434 2228 504 2258 c.7.
526 2220 603 2259 §.6-
626 2217 702 2248 coll.
725 2217 833 2248 Plat.
855 2218 984 2249 Phaed.
1005 2229 1033 2249 c.
1048 2219 1087 2260 49
1099 2229 1149 2258 sq.

152 2277 202 2318 (2)
224 2279 322 2307 Mem.
348 2278 376 2308 1.
394 2288 422 2308 c.
436 2278 466 2309 4.
490 2280 518 2319 §.
535 2277 567 2316 4,
585 2290 616 2318 7,
635 2278 682 2308 15.
707 2277 770 2309 lv..
785 2288 812 2310 e.
826 2278 856 2308 5.
879 2280 910 2319 §⁴
928 2278 976 2308 13.
999 2277 1088 2308 alibi.
