1487 2625
386 196 976 246 THEOLOGICA.
1185 223 1233 260 77

129 301 302 341 Divinam
319 305 336 342 2
359 317 473 353 quum
489 318 595 350 unam
611 310 749 354 videret.
760 314 1027 360 providentiam
1046 347 1057 366 ,
1083 320 1205 358 omnia
1218 349 1231 368 ‚

123 379 199 409 ,tam
225 384 337 420 parva
364 386 470 421 quam
495 388 648 426 magna,
676 384 981 429 complectentem
999 415 1013 434 ‚
1040 399 1106 426 cur
1131 401 1234 428 sum-

125 452 186 479 mo
222 442 303 480 Deo
343 444 435 489 alios
473 447 697 496 subjunxit?
756 451 939 492 Effecisse
978 456 1049 495 hoc
1088 459 1234 498 videtur

123 511 346 554 communis⁴
362 513 545 554 Graeciae
566 518 695 566 opinio
712 547 724 564 ,
762 522 806 559 ab
833 524 934 561 omni
961 526 1046 564 inde
1070 537 1237 578 ternpore

126 588 270 628 recepta
292 590 332 624 vet
360 583 520 627 civitatis
558 588 702 636 legibus
743 590 898 632 firmata.
951 595 1047 635 Nam
1077 598 1239 640 Socra-

125 656 196 688 tes
232 651 441 696 confidebat
481 654 623 694 viribus
648 657 786 707 ingenii
813 662 964 700 humani
993 665 1116 704 insitis
1135 696 1148 715 ‚
1187 668 1240 707 ita

125 726 269 767 ut.ea‚
322 733 414 770 quae
460 724 524 762 diu
560 728 657 774 apud
698 731 836 770 multos
874 743 1031 783 receptas
1054 735 1200 776 fuerant
1215 765 1238 783 ‚,

126 797 276 828 naturae
310 792 446 840 judicia
486 796 662 845 haberet,
703 801 747 837 de
784 813 942 848 quorum
977 805 1130 845 veritate
1157 818 1235 846 non

126 854 234 901 facile
273 862 666 905 esset-dubitandum.
721 869 840 908 Simul
887 874 932 910 de
977 876 1235 916 suascientia

126 928 269 973 modice
293 932 501 981 sentiebat3
533 947 608 982 quo
636 936 769 985 fiebat,
796 951 861 988 ut,
895 954 1008 989 quum
1037 945 1235 995 civitates,

121 1008 262 1035 rerum?
282 1000 521 1041 humanarum
557 1006 866 1058 antiquissimae,
904 1022 939 1050 et
972 1013 998 1050 ii
1035 1015 1234 1065 homines,

123 1067 188 1113 qui
203 1069 396 1116 sapientia
419 1075 594 1112 excellere
620 1079 804 1127 solerent,
835 1082 1049 1129 opinionem
1073 1086 1170 1124 illam
1186 1088 1232 1126 ab

121 1137 223 1182 omni
256 1138 341 1176 inde
377 1149 543 1190 tempore
579 1155 769 1195 tenerent,
809 1152 890 1198 ipse
912 1165 1063 1202 magnae
1088 1158 1234 1195 temeri-

121 1206 208 1249 tatis
235 1216 271 1256 et
297 1213 524 1258 arrogantiae
553 1215 638 1253 loco
657 1217 872 1269 habuisset,
911 1223 955 1260 de
985 1235 1025 1262 ea
1051 1236 1121 1263 suo
1146 1227 1232 1265 nisu

119 1275 305 1326 discedere
332 1280 453 1319 velle.-
469 1283 569 1321 Hinc
585 1313 596 1330 ‚
627 1295 668 1323 ut
693 1299 806 1335 supra
828 1291 899 1338 jam
914 1292 1101 1342 vidimus,
1128 1297 1233 1337 Deos

118 1357 176 1390 res
214 1348 391 1388 humanas
433 1364 561 1391 curare
597 1356 731 1403 probat
771 1364 1031 1401 exconstanti
1069 1375 1105 1403 et
1129 1378 1233 1405 com-

96 1416 234 1464 vmuni2
277 1418 467 1459 hominum
513 1424 715 1474 opinione,
768 1439 952 1470 vetustate
996 1435 1225 1476 confirmata.

113 1484 257 1528 Eodem
287 1489 396 1535 modo
421 1491 580 1538 probare
605 1497 817 1545 potuisset,
845 1502 970 1548 plures
996 1516 1076 1544 esse
1100 1508 1225 1547 Deos:

113 1564 213 1605 certe
263 1557 349 1595 haec
398 1563 580 1600 sentiendi
623 1567 715 1604 ratio
753 1568 873 1609 fuisse
909 1573 1083 1624 videtur,
1135 1591 1228 1626 quae

115 1623 265 1673 effecit,
313 1637 355 1666 ut
393 1631 437 1668 de
470 1644 509 1669 ea
550 1634 756 1686 opinione,
785 1653 918 1688 .quam
963 1648 1060 1694 apud
1097 1659 1226 1689 omnes

114 1695 237 1744 vigere
270 1707 306 1735 et
337 1701 415 1748 jam
447 1702 510 1739 diu
550 1706 715 1753 viguisse
750 1709 923 1760 videbat3
954 1726 1025 1762 qua
1051 1718 1132 1765 ipse
1152 1720 1225 1769 jam

112 1777 132 1808 a
157 1767 282 1813 pueris
309 1769 395 1807 inde
421 1772 587 1813 imbutus
607 1775 752 1827 fuerat;
784 1794 964 1832 'quaeque
1002 1797 1085 1824 cum
1124 1791 1226 1827 omni

114 1835 344 1882 Graecorum
387 1841 461 1887 vita
491 1844 591 1883 civili
631 1857 667 1884 et
706 1850 934 1900 domestica,
973 1867 1057 1893 cum
1096 1869 1225 1897 eorum

113 1906 220 1960 poesi
243 1917 279 1945 et
302 1911 405 1948 cultu
429 1924 532 1951 sacro
560 1917 762 1956 arctissime
783 1922 1024 1972 cohaerebat,
1056 1928 1224 1967 dubitare

112 1984 150 2013 et
180 1975 366 2024 inquirere
400 1992 475 2019 non
508 1983 545 2020 in
572 1996 726 2024 mentem
762 1989 966 2030 induxerit:
1014 2023 1036 2043 ‚‚
1063 1996 1103 2033 Si
1124 1997 1219 2036 enim

118 2071 143 2092 ,‚
168 2045 260 2084 falsa
299 2059 419 2097 esset,
473 2056 663 2100 quomodo
703 2057 779 2096 fieri
827 2063 1039 2109 potuisset,
1081 2075 1120 2103 ut
1159 2080 1223 2115 per

116 2142 141 2163 ‚‚
168 2126 299 2155 tantam
360 2124 535 2169 temporis
594 2126 870 2168 diuturnitatem
925 2133 1092 2173 homines
1142 2150 1219 2176 eam

116 2213 140 2231 ,.,
166 2198 234 2233 pro
272 2200 354 2226 vera
392 2192 633 2241 habuissent,
676 2209 741 2235 nec
779 2211 818 2236 se
855 2201 972 2250 decipi
1007 2205 1220 2246 vidissent?

116 2282 139 2300 „
167 2256 368 2307 Quomodo
409 2262 469 2301 Dii
507 2255 716 2312 opinionem
744 2269 956 2311 existentiae
985 2286 1071 2313 suae
1095 2287 1130 2313 et
1156 2290 1223 2325 po·

1093 2375 1115 2394 „
1143 2357 1221 2386 ten-
