1487 2625
462 203 616 247 ΩΗῈ
647 209 871 247 MJCA.
1183 217 1203 250 7

116 318 308 354 formulam
349 316 504 353 formare
538 328 749 363 possemus.
806 317 1037 365 Quamquam
1073 313 1219 351 relatio-

118 394 203 423 nem·
242 385 386 431 quidem
426 386 599 423 Creosoti
634 387 675 423 ad
710 386 814 423 bases
841 392 876 421 et
912 384 1038 430 acida,
1065 383 1221 431 ersque

118 454 374 501 proprietatem
407 454 586 492 formandi
617 455 701 491 salia
740 455 899 501 duplicia
933 458 1004 501 jam
1047 462 1223 490 memora-

121 521 243 560 v‘imus
259 551 272 569 .,
304 524 361 559 vel
376 524 427 560 sic
455 532 573 561 tamen
599 525 683 560 haec
708 535 864 571 corpora
891 534 965 560 non
989 512 1082 559 satis*
1103 521 1222 559 adhuc

118 591 287 639 indagata
319 601 430 639 sunt,
470 600 512 629 ut
549 593 668 640 possit
696 592 779 629 inde
814 590 973 629 formula
1008 591 1126 639 fingi,
1160 602 1225 629 cu-

117 655 178 709 j'us
218 661 269 698 rei
306 661 846 710 Schweigger-Seidel
881 663 953 711 J’am
991 661 1136 699 initium
1172 660 1228 699 fe-

114 731 241 778 cerat,
268 730 466 779 impeditus
485 739 605 769 tamen
621 759 633 778 ,
667 743 742 779 quo
775 732 897 770 minus
926 732 963 769 in
990 743 1030 769 ea
1053 732 1228 779 procede-

118 809 200 847 ret,
228 800 391 849 negotiis
417 800 512 838 aliis.

168 869 487 908 Verisimillimum
499 879 576 917 est,
602 879 768 909 accurata
783 871 1029 919 experimenta
1040 866 1111 909 'hac
1124 871 1168 908 de
1189 882 1227 908 re

117 940 291 978 instituta>
307 951 382 978 non
408 942 528 978 solum
558 942 602 978 ad
623 951 756 978 certam
783 939 977 979 formulam
1000 942 1156 979 ductura
1170 952 1227 979 es-

118 1019 160 1046 se
171 1010 271 1055 ‚sed
302 1008 411 1049 simul
433 1010 551 1047 lucem
582 1011 665 1048 inde
700 1021 927 1048 accessuram
948 1018 1097 1048 naturae
1132 1009 1226 1047 acidi

118 1077 353 1124 Garbolaost,
367 1090 386 1115 a
403 1078 439 1116 R
453 1090 477 1115 u
490 1090 514 1115 n
528 1090 553 1126 g
566 1091 586 1116 e
616 1080 684 1126 (1)
712 1079 854 1127 publici
875 1079 968 1128 J'uris
991 1078 1104 1126 facti,
1124 1079 1228 1127 quod

118 1148 296 1185 certe‘wad
347 1147 570 1185 Creosotum
608 1148 697 1185 Rei
711 1149 1021 1187 chenbachii
1060 1158 1227 1197 magnam

116 1215 226 1253 habet
265 1216 503 1264 affinitatem,
558 1218 630 1255 nisi
677 1218 726 1255 sit
773 1218 1001 1257 combinatio
1052 1219 1225 1258 Crcosoti

115 1297 199 1322 cum
238 1285 362 1333 aliquo
410 1286 513 1323 acido
558 1285 677 1339 (forte
711 1289 815 1325 acido
865 1289 1027 1336 aeetico)
1066 1289 1111 1325 de
1149 1299 1224 1336 quo

119 1354 236 1392 adhuc
270 1355 516 1403 experimenta
550 1365 638 1393 sunt
669 1344 912 1395 instituenda.

158 1524 205 1563 (1)
229 1523 308 1555 vid.
333 1523 357 1554 P
373 1535 392 1554 ο
408 1536 427 1565 g
440 1536 457 1565 g
471 1536 487 1555 e
500 1536 521 1555 n
534 1523 555 1554 d
569 1537 587 1556 o
600 1535 617 1555 1·
629 1526 688 1563 ff,
713 1512 873 1557 Annalen
895 1528 950 1557 der
971 1527 1111 1568 Physik.
1133 1529 1226 1560 Tom-

121 1577 251 1610 XXXI.
272 1588 343 1617 pag.
377 1578 414 1608 65
431 1600 440 1616 ,
467 1579 526 1619 497
541 1601 550 1617 ,
573 1579 644 1610 513.
668 1579 760 1610 Tom.
786 1580 937 1612 XXXII.
957 1591 1029 1621 pag.
1051 1582 1109 1613 508
1124 1586 1155 1612 et
1169 1583 1226 1614 528
