1487 2625
366 221 954 266 THEOLOGICA.
1170 229 1217 268 61

117 331 237 380 qualis
279 341 378 370 certe
422 341 500 371 erat
547 333 795 381 Socrates,
847 345 912 382 ea,
955 345 1047 382 quae
1083 334 1221 384 ingenii

115 401 298 441 alacritate
314 430 327 449 ‚
366 403 610 451 experientiae
639 414 710 442 usu
726 431 739 450 ‚
780 412 816 441 et
841 404 1031 454 analogice
1056 416 1076 442 e
1099 403 1224 443 causis

114 472 160 510 ad
182 470 337 510 effectus
360 472 572 520 probabiles
605 473 863 511 concludendo
879 501 892 519 ,
919 473 1079 512 assecuti
1106 483 1194 512 sunt
1208 499 1223 521 ‚

118 541 284 580 tribuere
324 541 500 580 efficaciae
535 543 679 582 cuidam
720 543 891 591 divinae,
943 543 1150 582 immediate
1187 543 1226 582 in

120 612 281 652 anim-um
317 613 471 662 agenti3
509 613 612 661 quod
643 612 738 651 inter
762 614 855 651 alios
882 613 920 651 in
946 613 1165 652 Luthero
1191 622 1229 652 et

122 682 350 731 Zuinglio
389 681 591 732 apparuit,
630 691 666 720 et
699 682 736 720 in
761 682 952 731 plerisque
980 682 1026 722 iis
1052 682 1228 731 obtinet,

122 751 189 800 qui
234 751 330 791 inter
380 752 549 791 homines
601 760 730 800 parum
768 753 939 790 excultos
990 760 1094 791 vates
1138 752 1233 791 divi-

122 822 233 861 nitus
251 822 358 862 afflati
385 831 421 861 et
443 821 519 861 sibi
543 822 743 869 videntur,
770 830 806 860 et
827 833 847 860 a
867 821 1019 870 reliquis
1037 821 1235 861 habentur.

125 891 194 930 Sic
243 903 396 940 quoque
444 892 598 939 Mystici
633 891 846 940 phantasiae
883 903 971 930 suae
1009 891 1235 931 luxuriantis

125 960 299 1010 figmenta
337 961 474 1000 habent
510 973 579 1010 pro
611 961 926 1010 adspirationibus
952 961 1104 1002 divinis.
1158 962 1236 1001 Ae-

116 1018 303 1070 ·cedebant
351 1040 389 1071 et
418 1032 513 1076 alia,
558 1043 634 1079 quo
676 1030 822 1070 facilius
850 1032 1066 1070 Socrates
1094 1042 1138 1069 eo
1172 1031 1236 1070 ad-

124 1100 346 1140 duceretur:
375 1112 457 1139 nam
478 1101 517 1139 in
534 1100 756 1148 antiquitate
773 1103 922 1150 vulgata
943 1110 1019 1140 erat
1042 1101 1174 1150 opinio
1194 1102 1240 1140 de

123 1170 345 1209 immediata
377 1171 542 1211 Deorum
571 1172 610 1208 in
634 1171 827 1209 hominurn
850 1172 994 1209 animos
1017 1171 1083 1217 vi,
1116 1171 1239 1218 deque

125 1240 242 1288 geniis
289 1241 426 1288 cuique
479 1242 622 1279 homini
675 1242 975 1281 adhaerentibus.
1052 1242 1240 1281 Praeterea

126 1310 260 1360 exigua
294 1304 388 1349 'tunc
431 1321 506 1350 erat
538 1312 650 1351 animi
687 1313 837 1351 humani
865 1321 1018 1351 naturae
1048 1312 1238 1362 cogniti03

126 1392 203 1428 quo
231 1380 310 1420 fieri
331 1381 438 1421 facile
460 1391 631 1430 poterat,
666 1392 708 1421 ut
731 1383 813 1431 ipse
838 1382 912 1420 sibi
932 1383 1059 1421 harum
1075 1409 1090 1431 ‚
1116 1391 1240 1422 mente

123 1460 350 1500 peractarum
381 1453 647 1502 celerrimeque
681 1462 907 1502 peractarum
925 1481 939 1501 ,
981 1453 1238 1503 operationum

126 1532 202 1561 non
228 1522 404 1561 conscius
430 1532 544 1564 esset.

134 1604 137 1605 ⁷
174 1586 318 1643 Sponte
354 1595 497 1644 igitur,
539 1598 596 1636 uti
635 1595 756 1644 νόμους
795 1599 882 1638 illos
919 1596 1139 1647 ἀγράφους,
1184 1595 1240 1637 sic

125 1665 231 1703 etiam
248 1665 342 1704 hanc
358 1678 485 1705 vocem
500 1666 678 1706 internam
704 1680 724 1707 a
745 1670 828 1708 Deo
854 1669 1044 1718 repetebat
1063 1678 1239 1718 auctore,

127 1734 300 1782 quoniam
327 1747 472 1774 causam
500 1737 712 1786 propiorem
742 1749 819 1776 non
845 1738 1007 1780 videbat.
1085 1733 1087 1736 ⁴

136 1818 152 1826 ⁶
172 1804 376 1854 Quomodo
403 1805 491 1844 haec
513 1807 583 1854 iis,
620 1820 713 1855 quae
735 1808 911 1856 aliunde,
938 1820 959 1848 e
983 1810 1177 1849 Platone
1203 1819 1241 1851 et

125 1862 412 1912 e'Plutarchi
437 1874 482 1912 dc
501 1879 606 1926 genio
633 1878 849 1917 Socratis
877 1879 997 1926 libro,
1026 1889 1113 1918 nota
1128 1890 1238 1929 sunt3

126 1942 309 1990 imprimis
336 1955 402 1991 eo,
431 1945 535 1992 quod
560 1946 778 1985 Socrates
795 1975 809 1994 ‚
837 1948 882 1985 ab
911 1932 1037 1986 amicis
1065 1961 1239 2000 rogatus,

128 2012 222 2060 quid
247 2023 343 2051 esset
368 2013 534 2052 divinum
562 2015 682 2062 illud‚
721 2016 802 2064 ipse
828 2028 904 2055 non
931 2017 1108 2068 haberet,
1137 2022 1239 2069 quod

131 2083 394 2130 responderet,
433 2084 701 2123 confirmentur
749 2095 785 2124 et
820 2087 1077 2138 illustrentur,
1125 2103 1240 2140 expo-

131 2161 217 2205 nere
243 2163 317 2190 non
347 2153 436 2191 sinit
464 2153 625 2192 instituti
652 2155 773 2193 nostri
801 2156 894 2195 ratio
921 2157 1003 2206 (ι).

1164 2232 1242 2271 Ex-

175 2303 222 2342 (ι)
258 2303 349 2333 Csnr.
372 2304 456 2333 inter
479 2305 653 2344 plurimos,
687 2308 742 2347 qui
764 2307 801 2338 de
823 2308 1016 2340 Socratis
1041 2313 1139 2351 genio
1167 2323 1243 2353 ege-

1144 2372 1239 2403 runt,
