1487 2625
479 147 890 202 ⁴ORA‘rlo.
1202 148 1257 204 αἰ

142 296 290 348 spectu
340 288 572 333 auditorum
618 304 660 333 se
701 290 868 348 intelligi
911 291 1049 344 videt,
1100 306 1255 350 eosque

139 366 325 418 moveri,
357 365 518 422 sibique
547 366 709 410 assidue
737 382 822 410 rem
856 382 944 412 esse
976 374 1069 411 cum
1104 362 1251 413 animis

133 456 305 502 eorum,
347 442 438 500 ipse
484 457 651 499 quoque
693 443 898 501 agitatur,
940 443 1161 497 incitatur,
1212 454 1250 488 et

135 517 359 577 cogitando
402 519 662 576 dicendoque
694 519 957 565 informatur.
1053 521 1128 564 Est
1166 521 1248 580 ipsi

131 594 335 640 institutio
375 596 492 652 quasi
529 603 729 654 perpetua
765 596 968 652 quaedam
1011 590 1242 655 disciplina.

130 673 218 717 Nec
251 673 358 717 enim
397 680 442 717 ut
481 673 566 715 ludi
600 672 797 730 magister
837 673 888 715 ad
930 660 1157 732 discipulos
1181 676 1242 718 ‘ex

130 749 243 803 edito
272 751 367 793 loco
396 749 633 800 descendit,
668 743 716 793 eir
746 750 899 793 referto
924 765 1000 793 suo
1027 751 1242 796 doctrinae

131 826 285 870 horreo
319 841 447 884 grana
489 817 736 885 sparsurus,
780 827 853 869 scd
897 842 1000 882 quae
1039 827 1129 885 ipse
1173 828 1243 870 di-

129 903 229 946 dicit
267 902 425 962 optima
466 917 653 960 quaeque
693 897 817 959 atque
854 903 1094 955 recondita,
1134 904 1260 948 adeo*

129 994 235 1035 quae
284 978 504 1022 novissime
554 979 637 1022 suis
687 979 831 1022 studiis
882 987 1092 1023 assecutus
1148 989 1237 1033 est,

126 1046 315 1113 quaeque
355 1055 492 1117 adhuc
526 1055 812 1114 persequitur,
844 1056 1002 1113 pariter
1034 1072 1114 1112 qua
1150 1058 1236 1109 via,

126 1132 278 1189 quibus
310 1147 360 1176 ex
396 1132 603 1185 sontibus,
629 1132 806 1175 candide
838 1139 877 1175 et
903 1146 996 1175 cum
1026 1123 1236 1191 voluptate

127 1224 175 1253 ea
204 1224 309 1266 quae
345 1224 394 1263 ex
429 1223 574 1252 recens
611 1212 788 1267 repertis
824 1209 1081 1268 percipitur,
1113 1211 1235 1254 audi-

124 1284 287 1329 toribus
319 1286 528 1345 impertit:
592 1300 723 1342 eoque
764 1287 890 1329 modo
931 1287 1047 1345 ipsos
1088 1288 1235 1332 attossit

125 1363 178 1405 ad
205 1377 263 1407 se.
325 1362 525 1406 Nimirum
553 1363 595 1405 id
625 1377 776 1420 agens,
807 1377 890 1405 non
931 1371 975 1406 ut
1013 1379 1036 1406 a
1072 1379 1115 1407 se
1152 1365 1233 1407 do-

123 1447 295 1484 ceantur
318 1440 449 1497 magis
474 1455 598 1496 quam
627 1447 671 1482 ut
698 1443 742 1483 se
767 1439 908 1497 ipsos,
941 1447 1066 1496 utque
1095 1456 1138 1484 se
1165 1441 1235 1483 in-

120 1516 280 1569 vicem,
312 1516 501 1560 doceant.
554 1509 709 1572 'ltaque
742 1515 898 1559 exsistit
937 1516 1230 1560 commercium

122 1593 335 1651 quoddam
367 1600 407 1637 et
439 1593 558 1649 quasi
590 1592 754 1635 assidua
783 1591 1034 1650 permutatio
1069 1584 1234 1636 studio-

121 1685 239 1724 rum,
270 1670 385 1727 cujus
410 1669 644 1713 academiae
673 1676 869 1726 tanquam
899 1669 1086 1727 emporia
1113 1677 1232 1720 sunt,

125 1745 355 1804 exquibus
386 1746 590 1790 bonarum
622 1745 770 1789 artium
800 1745 980 1797 studium
1015 1752 1054 1788 et
1078 1745 1234 1789 huma-

121 1823 229 1866 nitas
257 1837 335 1880 per
363 1823 508 1865 orbem
540 1826 744 1865 terrarum
777 1828 1079 1880 propagantur.
1141 1821 1234 1865 Hoc

115 1907 258 1943 autem
296 1899 519 1961 commodo
562 1912 704 1942 carere
737 1898 792 1940 illi
826 1898 987 1948 volunt,
1020 1897 1091 1953 qui
1121 1898 1233 1955 apud

109 1983 283 2020 exteros
311 1990 467 2033 nuper,
500 1981 564 2027 et,
594 1975 703 2033 proh
737 1975 856 2018 dolor
872 1976 885 2016 !-
912 1973 955 2016 in
986 1973 1064 2016 hac
1098 1974 1233 2031 patria

119 2052 373 2109 aliquando,
405 2051 640 2095 academias
682 2051 733 2094 ad
771 2051 1008 2094 scholarum
1041 2064 1233 2095 normam

45 2137 52 2142 “
118 2130 407 2175 reformandas
434 2144 546 2181 esse,
566 2136 605 2173 ct
631 2129 683 2172 ab
710 2127 897 2172 instituto
922 2127 1126 2184 majorum
1153 2128 1235 2171 ab·-

109 2200 383 2259 -aiicnandas‚
413 2204 736 2249 contenderunt.
817 2204 939 2247 Plura
976 2202 1143 2259 quidem
1183 2205 1232 2248 de
