1487 2625
451 174 866 249 CREMICm
1177 214 1223 260 ss

152 308 232 354 Hac
274 323 392 353 autem
448 313 708 356 observatione
747 318 907 365 ductus,
959 311 1216 357 Reichen³

101 385 226 423 bach
262 384 406 423 invenit
447 385 681 424 verisimilem
705 398 850 424 causam
873 386 1070 435 singularis
1099 387 1214 437 hujus

98 454 166 494 rei.
240 454 323 493 Gaz
359 455 545 493 flammans
579 467 712 504 nempe
742 467 870 494 omnes
909 455 1067 494 habebat
1102 465 1211 495 notas

97 523 570 574 hydrogeniibicarbonati.
598 525 692 574 Ejus
715 525 810 563 odor
830 533 952 563 autem
980 524 1109 563 similis
1136 531 1213 564 erat

99 594 486 642 Naphthalino,
535 601 646 642 atque
685 595 768 632 ideo
786 586 809 642 ,⁵
848 596 1050 633 secundum
1097 594 1213 633 Rei-

96 665 220 702 chen
233 663 285 702 ba
298 664 488 712 chium,
516 663 683 713 fuliginis
709 663 850 711 odori,
888 665 1090 702 secundum
1117 664 1210 703 alios

93 733 358 773 narcissorum.
411 735 507 773 Cum
543 743 664 772 autem
692 745 738 772 ex
764 733 1025 781 experimentis
1056 732 1206 781 patuit3

93 804 371 852 naphthalinum
393 803 430 841 in
453 795 716 842 combustione
740 800 934 851 fuliginem
960 802 1116 852 ejicere,
1140 813 1207 840 ne·

90 874 250 911 cessario
271 874 360 912 haec
384 874 549 922 plumula
575 880 737 912 contstat
763 885 807 911 ex
828 872 1058 921 naphthalini
1079 872 1206 921 fuligia

90 953 167 991 ne,
205 955 298 992 quae
322 943 467 981 flamma
501 943 722 981 candescens
762 942 836 991 fit,
876 944 942 981 sed
980 944 1127 981 demum
1161 943 1202 980 in

88 1013 219 1052 altiore
239 1013 322 1051 a'ere
337 1012 474 1051 recenti
498 1012 744 1051 comburitur.
775 1012 892 1062 Quod
907 1012 992 1052 inde
1011 1012 1119 1050 etiam
1140 1022 1205 1060 pa*

89 1091 170 1131 tet,
211 1083 244 1121 si
265 1091 460 1131 apparatus
491 1082 716 1121 destruatur.
786 1081 886 1119 Tum
922 1080 1082 1120 extiema
1117 1085 1201 1129 pars'

86 1154 198 1192 altera
223 1152 304 1191 tubi
327 1151 548 1200 porcellanei
575 1150 713 1199 repleta
736 1150 900 1189 cernitur
922 1150 1016 1188 albis
1043 1151 1201 1199 crystal-

85 1222 132 1261 lis
155 1221 402 1271 naphthalini.
448 1220 492 1259 In
511 1221 595 1269 ipso
626 1220 721 1258 tubo
742 1219 986 1258 inveniuntur
1007 1213 1170 1259 lamellae
1185 1239 1200 1268 ς

86 1300 299 1330 constantes
333 1302 378 1329 ex
397 1292 491 1329 duro
530 1290 689 1329 carbone
722 1290 886 1337 nitente,
915 1290 1197 1339 similescylin·

87 1362 164 1401 dtis
203 1361 515 1409 membranaceis,
554 1361 752 1410 splendore
782 1359 964 1398 metallico
999 1360 1133 1407 tectis,
1159 1362 1196 1398 et'

0 1455 2 1487 ἱ
85 1431 232 1480 quidem
268 1432 313 1469 ad
348 1431 508 1479 speciem
550 1430 721 1480 graphito
749 1430 905 1469 similes.
960 1430 1042 1467 Hae
1073 1431 1197 1468 lamel-

0 1509 1 1536 l
81 1502 138 1540 lae
175 1512 254 1540 non
287 1500 562 1539 comburuntur
601 1501 732 1538 ardore
766 1500 1013 1538 candescenti.
1065 1501 1108 1539 In
1138 1502 1195 1539 vi:

0 1548 3 1587 ³
82 1573 163 1610 treo
195 1579 317 1610 autem
354 1570 449 1610 tubo
472 1580 507 1608 et
533 1571 649 1619 globo
683 1571 869 1608 invenitur
891 1570 1101 1608 substantia
1132 1570 1194 1609 fua

0 1589 7 1770 ἱ
81 1640 240 1689 liginosa
262 1651 345 1678 cum
373 1640 496 1689 aliqua
517 1641 589 1681 albi
613 1640 844 1690 naphthalini
871 1640 1089 1688 quantitate.

0 1841 8 1855 ,.

249 1786 283 1815 ²}

125 2355 271 2384 vansT.
624 2337 658 2381 C
1100 2335 1205 2392 CA?
