1487 2625
495 184 846 227 MEoch.
1199 202 1244 241 31

621 323 770 414 §.ss

166 515 349 566 Quamvis
374 517 493 556 rarius
526 530 637 566 quam
669 519 857 569 paralysis
888 522 1067 572 epilepsia
1106 535 1239 564 occur-

112 585 190 634 rit,
228 586 378 634 gravius
415 595 537 637 tamen
571 589 813 628 oeconomiae
856 591 1038 631 humanae
1066 592 1234 635 infestat.

111 648 316 704 sequentia
342 655 528 697 exhibebo
555 660 738 708 exempla.

161 728 279 766 Doct.
310 727 465 776 Roget
498 730 659 777 puellam
701 729 944 779 observavit,
983 745 1078 781 quae
1111 734 1235 783 primo

110 791 280 836 veneficii
311 798 376 836 die‘
404 798 510 848 signa
537 799 736 838 exhibebat
763 801 1010 840 validissimae
1037 804 1237 844 inflamma-

109 858 240 906 tionis.
298 868 478 916 Sequenti
507 868 566 907 die
592 869 775 909 interdum
800 872 1060 912 sensibilitatis
1085 874 1234 915 defectu

95 934 361 985 afficiebatur,
404 950 489 976 curn
527 941 670 988 pulsu,
709 941 817 990 qu'us
855 940 953 981 ictus
983 955 1055 981 120
1085 943 1124 982 in
1153 956 1231 983 uno

109 1007 285 1055 minum,
324 1002 375 1046 ad'
404 1010 454 1046 60
488 1010 624 1046 sensim
657 1009 996 1059 imminuebantur,
1034 1015 1101 1052 sed
1134 1014 1232 1054 intra

93 1079 276 1126 'quartam
306 1079 420 1116 horae
446 1087 585 1127 partem
601 1106 613 1125 ,
639 1081 684 1118 ad
710 1081 863 1119 eundem
887 1093 1082 1121 numerum
1105 1085 1229 1123 denuo

95 1140 369 1201 augebantur(
396 1144 625 1188 Remittebat
649 1151 762 1189 dolor
787 1160 823 1188 et
847 1153 1031 1191 sanationi
1060 1155 1230 1202 proxima

105 1209 303 1256 videbatur
329 1212 549 1267 aegrotanS,
579 1230 789 1259 remanente
809 1229 929 1259 tamen
951 1224 1227 1262 extremitatum

76 1338 78 1342 y
105 1280 249 1338 frigore
275 1288 320 1326 ab
348 1289 582 1327 adstantibus
603 1290 703 1328 haud
732 1300 928 1340 perceptO.
969 1292 1117 1343 MaJ'ore
1137 1305 1227 1332 vero

105 1354 335 1398 vehementia
353 1387 366 1407 ,
394 1370 460 1408 per
490 1359 702 1398 ulteriorem
729 1361 842 1411 hujus
866 1361 941 1400 diei
956 1363 1154 1402 decursum
1169 1376 1226 1403 re-

104 1430 234 1468 dibant
266 1429 400 1479 signa,
436 1430 584 1478 oculis,
621 1442 641 1468 a
680 1431 833 1469 stimulo
862 1432 982 1481 lucis,
1012 1434 1226 1481 sensatione

90 1501 260 1539 molesta
285 1499 455 1549 affectis,
487 1510 599 1549 atque
625 1501 811 1540 incidente
834 1513 942 1550 aegra
965 1503 1004 1542 in
1029 1515 1223 1552 syncopen

104 1559 159 1610 ἐπ”
179 1562 448 1610 ὲὸτιὺωείοηεε
488 1571 690 1619 aliquando
722 1573 898 1612 leviores.
967 1573 1224 1613 somnolentia

104 1632 330 1691 e‘ia‘t‘inagna
355 1641 392 1680 et
412 1643 546 1680 oculos
570 1643 616 1680 ad
637 1643 756 1681 lucem
782 1644 993 1683 claudebat.
1033 1645 1223 1695 Tempore

100 1702 288 1763 matutinov
307 1706 395 1751 diei-²
407 1713 507 1751 tertii
525 1741 538 1760 ,
573 1713 766 1752 deficiebat
798 1715 908 1752 dolor
925 1743 938 1761 ,
969 1714 1118 1754 habitus
1146 1725 1223 1755 erat

101 1772 278 1822 naturalis
296 1791 332 1821 et
345 1775 463 1822 anima
479 1778 669 1832 pristinam
686 1794 964 1833 recuperaverat
979 1786 1221 1826 alacritatem.

101 1855 349 1893 Decrescente
369 1846 442 1893 ”die
472 1854 676 1904 augebatur
706 1856 751 1893 ad
784 1867 956 1893 somnum
986 1857 1220 1905 propensio,

48 1925 49 1931 ’
97 1915 227 1964 <rerum
260 1923 529 1974 ipse'somnus
561 1925 735 1964 terrificis
762 1925 983 1964 turbabatur
1006 1926 1218 1965 insomniis.

96 1991 252 2035 Atrocia
284 1986 433 2033 aderant
470 1995 528 2032 die
564 1996 699 2044 quinto
735 2005 1001 2045 symptomata.
1068 1997 1217 2044 Aquam

97 2065 373 2114 frigidissimam
431 2066 535 2115 juxta
590 2066 741 2104 dorsum
799 2067 1020 2105 defluentem
1081 2068 1220 2106 sentire

97 2135 172 2173 sibi
197 2136 390 2174 videbatur
415 2137 567 2184 puella3
596 2137 778 2184 vertigine
808 2137 998 2175 laborabat
1025 2146 1061 2175 et
1087 2140 1218 2176 oculo-

99 2216 180 2243 rum
208 2207 366 2253 dolore,
397 2207 480 2244 luce
525 2216 747 2255 magnopere
783 2216 911 2247 aucto.
964 2208 1219 2248 Remittebant

99 2287 188 2313 vero
213 2276 343 2314 deinde
368 2284 651 2324 symptomata.‘
686 2277 760 2316 Ast
785 2277 844 2317 die
871 2278 1005 2328 quinto
1027 2279 1073 2317 de
1092 2288 1216 2318 extre-

1145 2361 1213 2387 mx-
