1487 2625
249 185 318 222 132
471 172 1124 213 COMMENTATIO

245 282 309 319 tim
325 281 581 328 sulphuretum
599 280 770 319 Arsenici
791 282 984 319 reducatur
999 310 1011 328 ‚
1027 282 1152 330 prouti
1176 282 1267 320 illud
1292 291 1358 320 an-

244 362 302 389 tea
323 350 395 388 fuit
424 350 620 387 indicatum
638 379 650 397 ‚
678 350 859 397 aliamque
880 351 1114 389 adhibeamus
1142 352 1352 390 methodum

247 431 356 468 quam
390 430 489 456 nunc
517 420 664 457 relaturi
693 432 821 458 sumus
850 421 935 470 (t).

293 488 351 537 4⁰.
383 489 568 527 Omnibus
601 489 724 537 itaque
755 490 945 553 methodis
978 491 1186 538 expositis,
1238 491 1353 538 magis

245 560 422 598 laudanda
449 570 530 597 esse
555 560 701 598 videtur
715 560 802 606 illa,
819 571 927 607 quam
953 560 1196 599 Christis
1212 571 1272 597 on
1295 571 1356 597 se—

241 638 352 667 cutus
381 638 449 668 est.
505 629 720 667 Substantia
747 638 920 677 suspecta
956 639 1021 677 per
1049 629 1268 666 semihoram
1290 639 1355 665 co-

241 708 400 748 quatur,
430 711 572 747 eaque,
601 699 633 736 si
666 711 762 747 opus
790 708 872 745 est,
912 710 1007 746 aqua
1043 709 1130 737 ante
1168 699 1353 744 diluatur,

239 769 441 807 conscissis
468 769 635 818 partibus
665 768 810 806 solidis.
849 768 996 815 Liquor
1021 767 1180 806 filtretur
1205 776 1240 805 et
1265 766 1355 805 sub-

242 839 374 878 stantia
412 839 579 878 animalis
617 850 683 886 per
721 838 864 876 acidum
893 838 1072 876 aceticum
1111 838 1352 887 sejungatur,

241 921 318 958 quo
352 908 482 956 facto,
521 908 676 956 liquor,
721 908 827 956 cujus
855 908 998 946 acidum
1038 916 1142 945 antea
1179 907 1354 945 Potassae

240 991 313 1027 ope
333 988 395 1016 aut
410 979 629 1017 Ammoniae
654 986 856 1017 saturatum
880 978 951 1026 sit,
969 979 1182 1027 exploretur
1209 988 1274 1025 per
1298 976 1355 1013 ni-

239 1058 371 1087 tratem
387 1049 545 1097 Argenti
561 1049 856 1087 ammoniacalem
869 1076 881 1095 ‚
910 1057 951 1086 ut
962 1057 1086 1096 pateat
1098 1059 1184 1085 num
1203 1047 1353 1095 Hydro-

241 1119 388 1168 genium
427 1120 686 1167 sulphuratum
726 1119 910 1167 cognitam
947 1129 1115 1156 exserere
1145 1117 1266 1165 possit
1294 1127 1354 1153 ac-

240 1189 396 1227 tionem.
449 1188 576 1226 Nitras
606 1189 701 1226 enim
728 1189 789 1226 ille
811 1188 993 1237 Argenti,
1015 1188 1048 1225 si
1074 1186 1352 1234 praecipitatum

240 1259 278 1296 in
312 1259 460 1306 liquore
489 1259 652 1306 excitet,
682 1259 768 1296 inde
802 1258 998 1305 sequitur,
1037 1258 1135 1294 hunc
1162 1268 1182 1293 a
1208 1254 1354 1292 materia

241 1330 388 1367 animali
419 1330 510 1367 satis
543 1341 625 1366 esse
647 1329 803 1366 liberum
835 1337 947 1376 atque
974 1326 1251 1375 Hydrogenium
1277 1325 1354 1362 sui-

241 1400 442 1447 phuratuni
472 1398 604 1436 tentari
628 1409 725 1436 nunc
748 1409 859 1446 posse
887 1397 972 1447 (2).
1025 1397 1065 1434 Si
1091 1407 1178 1433 vero
1209 1406 1274 1443 per
1295 1393 1352 1431 ni-

244 1478 370 1506 tratem
387 1468 543 1516 Argenti
556 1468 852 1505 ammoniacalem
866 1466 1139 1516 praecipitatum
1153 1466 1251 1503 haud
1263 1476 1351 1513 pru-

237 1538 418 1584 ducatur,
462 1538 585 1584 liquor
616 1547 699 1575 ante
732 1537 961 1586 Hydrogenii
996 1535 1204 1584 sulphurati
1240 1546 1348 1572 usum

237 1608 405 1653 sequenti
444 1609 584 1644 ratione
622 1620 641 1645 a
670 1607 862 1655 principiis
888 1606 1070 1654 organicis
1100 1605 1254 1643 ulterius
1287 1605 1351 1641 de-

237 1686 406 1722 purctur.
462 1677 590 1713 Fluida
627 1676 720 1712 enim
762 1687 882 1722 usque
913 1676 957 1712 ad
986 1674 1184 1713 siccitatem
1216 1684 1351 1721 evapo-

237 1754 391 1790 rentur‚
447 1758 651 1793 eorumque
692 1746 876 1782 residuum
911 1757 992 1783 cuin
1032 1756 1126 1792 aqua
1168 1743 1350 1782 destinata

234 1815 374 1851 iteratis
427 1815 571 1853 vicibus
613 1817 870 1863 decoquatur,
919 1816 1139 1862 tandemque
1176 1813 1349 1851 omnibus

234 1883 456 1933 refrigeratis
493 1897 558 1932 per
601 1886 760 1923 chartam
805 1885 1112 1924 transmittantur.
1190 1882 1349 1930 Liquori

1275 1964 1350 1990 acl-

270 2035 322 2069 (1)
351 2028 488 2060 Eandem
511 2031 578 2060 sere
601 2042 695 2071 quam
724 2031 746 2061 B
763 2042 779 2060 e
794 2042 809 2060 r
823 2042 840 2060 z
855 2031 943 2060 elii
967 2029 1148 2060 methodum
1160 2050 1169 2066 ,
1184 2028 1281 2068 magis
1295 2032 1349 2057 ta-

231 2092 301 2110 men
327 2082 504 2119 inplicitam
521 2105 530 2120 ,
546 2089 672 2114 secutus
698 2089 744 2115 esi
761 2085 789 2114 V
805 2096 820 2114 e
834 2095 853 2113 ιι
869 2095 883 2112 n
899 2085 919 2112 b
935 2085 943 2111 Ι
961 2096 976 2113 e
991 2095 1016 2113 s·
1046 2084 1150 2112 Lond.
1171 2083 1257 2113 Med.
1276 2083 1349 2111 Ga-

231 2141 320 2163 zette
334 2156 341 2170 ‚
371 2135 469 2167 VIII.
492 2139 564 2168 806.
585 2139 636 2168 Cf.
659 2136 686 2168 C
701 2139 719 2167 h
736 2139 804 2167 ris
822 2139 856 2166 ti
873 2149 885 2167 s
903 2149 921 2166 o
936 2149 954 2166 ιι
972 2158 981 2174 ,
1006 2136 1171 2166 Ablumcll.
1184 2156 1194 2171 ,
1220 2146 1250 2173 p.
1277 2136 1348 2166 216-

246 2197 320 2225 eqq.
345 2187 496 2227 Ejusdem
525 2191 736 2232 Nachtriige,
761 2203 792 2230 p.
813 2192 861 2231 96.

269 2243 322 2277 (2)
346 2241 514 2273 Abbatzdl.
539 2243 618 2273 ibid.
