1487 2625
18 2373 27 2600 Μή...-

280 214 701 255 COMMENTATIO
738 216 1114 261 THEOLOGICA.
1211 237 1257 274 15

136 331 223 371 ant,
261 323 392 363 deinde
424 326 470 362 de
504 324 563 362 his
589 326 752 375 cogitare
776 315 958 377 incipiat,
989 339 1025 368 et
1057 332 1123 370 ubi
1150 333 1255 372 hisce

133 394 339 442 cogitandis
381 395 514 433 mentis
554 396 651 434 vires
689 398 881 445 exercuit,
921 408 998 438 tum
1027 401 1173 440 demum
1209 405 1254 442 ad

132 474 191 502 res
232 462 443 512 spirituales
479 466 668 513 procedat.
722 466 892 516 Denique
923 479 1061 517 sponte
1090 472 1135 508 ad
1161 483 1251 521 eas,

135 544 227 580 quas
265 533 365 579 dixi,
409 546 467 573 res
506 537 710 574 tractandas
739 537 1004 585 perveniebant
1031 541 1251 590 philosophi

133 602 214 641 illi:
244 613 326 641 nam
353 613 437 642 ante
462 616 527 642 eos
551 606 672 644 omnis
698 608 823 645 cultus
860 620 1090 657 processerat
1109 624 1129 649 a
1161 615 1253 661 poe-

134 672 184 710 tis
224 672 558 722 sacerdotibusque
608 684 645 712 et
689 677 909 724 religionum
959 681 1249 729 conditoribus,

129 741 221 789 qui,
252 741 291 779 in
323 743 459 791 puerili
494 744 614 782 adhuc
645 745 831 784 Graecias
857 756 998 796 aetate,
1037 752 1252 798 phantasiae

125 821 403 859 proposuerant
427 814 652 854 carminibus
677 818 893 865 mythisque
925 819 1183 870 Cosmogom‘as
1211 832 1248 860 et

125 880 377 931 Theogonias;
423 895 507 921 cum
544 884 659 934 igitur
694 887 914 937 philosophi
953 890 1102 937 Physica·
1136 893 1248 940 primi

125 957 277 997 essent,
319 949 358 988 in
401 952 540 1000 quibus
575 955 710 992 mentis
735 957 936 1006 cogitantis
960 958 1017 997 vis
1041 972 1082 997 se
1104 972 1250 1000 exsere-

125 1026 207 1066 ret,
233 1028 370 1067 sponte
395 1022 440 1059 de
466 1023 593 1061 iisdem
615 1025 689 1062 illis
715 1027 827 1063 rebus
860 1028 1246 1080 philosophabantur,

125 1088 175 1125 de
198 1089 336 1136 quibus
357 1092 503 1139 antiqui
530 1094 584 1131 illi
605 1103 708 1133 vates
733 1097 955 1138 cecinerant.
994 1101 1110 1138 Prima
1136 1103 1244 1140 etiam

123 1159 249 1198 cultus
272 1159 377 1198 initia
407 1161 453 1199 ab
489 1163 747 1204 Orientalibus
773 1169 817 1204 ad
846 1168 1007 1207 Graecos
1033 1179 1243 1209 venerunt:

125 1227 338 1268 orientales
372 1240 492 1269 autem
508 1234 675 1272 omnium
703 1238 857 1275 maxime
881 1239 1158 1279 delectabantur
1183 1252 1246 1279 ex-

122 1299 310 1336 struendis
347 1301 530 1348 ejusmodi
566 1305 863 1354 systematibus5
910 1308 1048 1354 quibus
1076 1309 1245 1359 singulae

122 1369 251 1406 mundi
275 1378 398 1418 partes
421 1372 724 1421 conjunguntur,
753 1384 788 1412 et
817 1376 945 1414 ordine
959 1378 1241 1426 disponuntur,

120 1437 243 1475 ita-ut
268 1450 384 1477 unum
412 1442 565 1489 aliquod
591 1452 710 1481 totum
738 1444 822 1483 inde
850 1447 1017 1485 exsistat.

172 1508 269 1546 Cum
308 1509 423 1558 igitur
460 1512 634 1551 sensibus
665 1515 898 1563 perciperent
928 1518 1155 1556 innumeram
1186 1531 1241 1557 re-

120 1589 203 1616 rum
239 1580 544 1630 multitudinem,
584 1585 689 1631 plura
733 1585 839 1637 etiam
866 1588 992 1625 adesse
1018 1601 1241 1637 auguraren-

118 1658 207 1694 tur,
250 1661 411 1696 quorum
442 1651 598 1691 effectus
637 1655 813 1694 videbant
834 1686 847 1704 ‚
881 1668 1013 1706 nempe
1036 1659 1133 1698 vires
1159 1673 1238 1699 mo-

121 1727 250 1756 ventes
285 1728 322 1757 et
363 1722 496 1759 molem
527 1723 629 1761 intus
653 1725 859 1773 agitantes:
900 1727 1091 1766 vinculum·
1119 1731 1239 1777 quod·

118 1791 200 1826 dam
245 1790 376 1828 horum
428 1793 594 1831 omnium
642 1794 808 1833 invenire
847 1807 985 1844 sponte
1020 1799 1234 1837 studebant.

118 1859 216 1897 Nam
253 1860 415 1909 primum
441 1862 557 1900 homo
591 1864 765 1904 obruitur
791 1867 897 1914 quasi
922 1880 1041 1906 rerum
1071 1878 1238 1907 externa-

68 1918 72 1924 ’
116 1940 199 1967 rum
229 1929 296 1977 vi,
324 1939 362 1968 et
383 1931 448 1969 has
473 1933 690 1982 simpliciter
715 1936 753 1973 in
782 1949 822 1974 se
847 1949 952 1986 agere
976 1940 1140 1986 patitur,
1169 1941 1234 1978 sed

116 2010 204 2038 mox
241 2000 343 2038 hisce
387 2001 498 2040 rebus
532 2004 571 2040 in
600 2016 640 2041 se
680 2006 874 2053 agentibus
907 2019 947 2045 se
976 2010 1166 2057 opponit,
1196 2020 1232 2049 et

115 2068 197 2117 ipse
237 2070 276 2108 in
307 2082 367 2109 eas
398 2082 505 2120 agere
536 2074 649 2112 vult:
689 2086 765 2112 non
802 2074 873 2113 fert
910 2079 1067 2126 amplius
1107 2081 1232 2119 multi-

115 2137 309 2187 tudinem,
351 2151 458 2188 quam
492 2141 594 2180 videt
625 2152 661 2180 et
696 2145 913 2193 experitur,
956 2148 1019 2185 sed
1047 2149 1091 2186 ad
1121 2161 1230 2188 unam

117 2208 297 2252 quandam
345 2212 714 2259 repraesentationem
766 2215 860 2252 hanc
919 2217 1083 2265 redigere
1131 2221 1228 2258 vult.

115 2275 213 2314 Hinc
249 2280 390 2318 exstitit
420 2282 518 2329 apud
553 2283 802 2333 philosophos
835 2285 1004 2334 Physicos
1033 2289 1138 2327 notio
1167 2291 1229 2328 illa

1165 2364 1226 2399 τοῦ
