1487 2625
422 228 1018 269 THEOLOGICA.
1218 240 1269 279 9⁵

163 338 309 389 legibus
344 340 590 377 constitutus.
651 338 711 377 Ex
746 349 822 387 quo
860 339 1093 386 declaratur,
1148 338 1270 386 qualis

166 410 244 456 sit,
272 419 316 446 ex
340 416 462 447 mente
487 408 721 454 Socratis,
745 410 901 458 pictatis
919 417 1062 447 natura.
1099 407 1272 446 Primum

165 478 314 528 quidem
352 486 408 517 est
446 485 630 524 externa,
669 477 792 526 posita
833 486 909 516 non
948 478 986 516 in
1026 477 1149 516 animo
1187 478 1270 516 Deo

164 549 441 592 consecrando,
486 547 552 585 sed
589 549 627 585 in
667 546 802 586 ritibus
843 547 1003 585 externis
1031 534 1271 596 peragendis:

163 630 246 658 nam
281 618 347 656 Dii
378 617 524 656 colendi
559 625 648 656 sunt
685 618 852 656 civitatis
885 629 1011 666 morc‚·
1051 617 1111 655 hic
1152 625 1273 655 autem

163 699 272 739 mos,
308 697 352 725 ut
388 696 526 736 sponte
560 695 686 736 patet,
726 695 875 725 externa
906 692 1046 725 tantum
1079 686 1272 736 injungere

160 766 302 807 potest.
371 757 494 805 Negat
535 758 790 803 Socrates,
842 756 951 795 licere
989 755 1190 804 unicuique
1228 767 1274 795 ex

163 828 274 866 animi
301 827 509 873 sententia,
535 827 662 876 prouti
690 826 807 873 velit,
847 828 947 865 Deos
970 827 1114 864 colere:
1153 825 1272 874 pietas

163 906 221 935 est
247 897 368 946 posita
392 897 430 934 in
459 896 701 934 observandis
727 896 924 944 iis‚1quae
941 897 1040 946 leges
1062 906 1147 944 erga
1168 896 1272 934 Deos

162 967 394 1016 praecipiunt
416 966 498 1016 (1).
553 965 722 1013 Deinde,
758 966 875 1014 pletas
912 973 1039 1014 potest
1074 976 1155 1004 esse
1191 965 1272 1003 sine

160 1039 318 1089 justitia.
370 1038 508 1088 Justus
539 1040 750 1089 (honestus)
788 1047 844 1076 est
863 1066 876 1086 ,
915 1039 980 1086 qui
1012 1039 1186 1077 observat
1220 1036 1270 1075 τοὶ

159 1111 236 1160 περὶ
277 1112 357 1154 τοὺς
390 1111 583 1159 ἀνθρώπους
619 1111 777 1158 νόμιμοι,
813 1109 879 1157 qui
912 1109 952 1147 in
991 1109 1103 1147 rebus
1139 1109 1272 1147 huma-

161 1178 223 1216 nis
246 1178 526 1216 convenientter
549 1178 694 1225 legibus
721 1186 890 1217 versatur
923 1179 1013 1228 (23²
1048 1180 1164 1231 pius,
1205 1177 1270 1225 qui

164 1251 338 1289 observat
370 1250 420 1289 τὰ
457 1249 534 1296 περὶ
567 1251 648 1292 τοὺς
682 1250 776 1292 θεοὺς
813 1249 972 1297 νόμιμοι,
1018 1251 1084 1299 qui
1121 1251 1269 1300 legibus

161 1320 423 1358 convenienter
452 1321 552 1358 Deos
577 1320 668 1357 colit
698 1321 781 1370 (3).
834 1321 912 1370 Qui
947 1321 1062 1369 igitur
1085 1333 1155 1370 pro
1179 1321 1270 1360 viri-

160 1387 231 1426 bus
266 1388 348 1426 Diis
380 1386 559 1425 sacrificia
594 1386 732 1436 offert,
771 1388 854 1437 pius
889 1398 969 1436 est,
1009 1399 1119 1438 atque
1142 1399 1269 1439 potest

160 1467 243 1495 esse
278 1457 389 1494 slmul
432 1456 595 1506 injustus
636 1466 672 1494 et
705 1457 927 1506 improbus,
965 1470 1048 1497 cum
1089 1461 1128 1498 in
1157 1461 1269 1500 rebus

159 1526 328 1564 humanis
353 1536 429 1563 non
452 1535 622 1564 versetur
646 1527 908 1567 convenienter
937 1529 1098 1577 legibus.
1150 1531 1269 1581 Igitur

159 1596 276 1644 pietas
295 1607 376 1634 esse
398 1596 478 1636 sine
503 1596 648 1644 justitia
662 1606 809 1646 potest:
838 1599 932 1647 etsi,
961 1602 1063 1648 quod
1074 1603 1271 1640 nonomit-

159 1666 306 1703 tendum
323 1694 336 1712 .‚
362 1677 402 1704 ea
422 1665 563 1714 pietas,
590 1667 651 1704 cui
669 1667 813 1716 justitia
834 1669 960 1717 deest,
988 1681 1064 1708 non
1084 1671 1267 1719 sufficiat,

160 1730 206 1773 ex
235 1735 453 1773 Socratis
479 1736 689 1784 sententia,
726 1738 771 1775 ad
804 1739 967 1777 Deorum
1002 1735 1165 1778 fav0rem
1194 1740 1268 1780 sibi

159 1805 460 1853 conciliandum3
508 1816 590 1844 nam
629 1815 670 1845 ut
708 1805 788 1846 Deo
826 1808 921 1856 grati
957 1809 1104 1857 simus,
1148 1823 1267 1850 omnes

159 1875 302 1914 divinas
333 1876 431 1923 leges
461 1875 656 1914 observare
681 1877 856 1916 debemus
871 1879 953 1927 (4).
984 1879 1082 1917 Haec
1105 1880 1267 1918 Socra-

163 1945 227 1984 tis
267 1947 312 1984 de
350 1944 497 1994 pietatis
533 1954 660 1984 natura
701 1948 879 1986 sententia
915 1948 1054 1986 accedit
1083 1949 1127 1987 ad
1155 1949 1265 1987 ratio-

1179 2029 1262 2058 nem

199 2113 247 2154 (ι)
274 2114 326 2143 Cf.
347 2116 444 2144 Mem.
466 2113 529 2145 lV.
555 2124 584 2146 c.
604 2115 637 2148 6.
660 2112 689 2152 §0
711 2116 741 2147 4.

200 2173 248 2213 (2)
273 2173 454 2213 Iszdem§
477 2172 517 2210 5,
540 2174 570 2206 6.

199 2231 247 2271 (5)
272 2232 397 2261 Ibzclem
418 2234 450 2272 §.
472 2231 543 2263 2-5.

201 2292 247 2331 (4)
273 2254 1222 2334 Cf.Me1m.1.c.5.§.5.11.c.1.§.28.111.c.9.§.i5,
