1487 2625
205 205 251 243 74
424 190 1087 232 COMMENTATIO

287 301 404 340 Porro
455 301 702 349 proprietates
749 301 890 339 divinas
949 301 1184 350 proponebat
1234 299 1312 339 fere

205 373 323 410 relate
357 370 412 409 ad
443 372 615 409 homines.
653 391 657 393 -
695 371 878 418 Sapientia
916 369 1039 407 divina
1077 369 1244 418 inprimis
1274 370 1312 408 in

208 444 280 490 iis,
307 453 402 489 quae
425 442 472 480 ad
493 441 679 479 hominem
707 445 920 488 pertinent,
955 439 1201 477 demonstrata
1227 450 1310 486 est;

204 511 412 559 benignitas
453 510 639 549 hominem
676 519 845 558 spectat3
898 508 1154 546 omniscientia
1189 508 1226 546 in
1269 520 1314 547 eo

205 577 407 631 conspicua
448 590 530 629 est,
575 581 677 628 quod
715 579 776 619 Dii
818 578 961 625 sciant,
1016 579 1106 626 quid
1147 577 1316 616 homines

204 661 345 700 agant,
388 651 479 699 quid
514 649 705 699 cogitent,
747 649 839 698 quid
879 649 926 688 iis
950 649 1148 688 conducat.
1201 647 1319 698 Quod

205 733 282 760 non
331 721 639 770 improbandum:
690 731 773 758 nam
825 720 871 759 ad
917 720 1094 758 hominem
1150 719 1317 757 omnium

205 792 361 831 maxime
398 791 586 840 pertinet,
626 799 668 828 ut
706 790 829 838 sciat,
871 800 948 837 quo
984 789 1106 828 animo
1134 789 1183 827 sit
1212 789 1317 828 Deus

205 873 291 911 erga
315 863 489 900 homines.
542 862 615 899 Sed
649 861 724 898 hoc
750 861 931 899 interdum
958 861 1080 907 ultra,
1118 871 1226 907 quam
1253 869 1320 908 par

206 941 289 979 est,
329 932 484 981 urgebat
521 933 774 979 Socrates3
816 931 986 980 inprimis
1017 930 1087 968 Dei
1110 929 1319 980 benignita-

206 1011 278 1040 tem
303 1010 377 1039 tam
413 1001 524 1039 arctis
555 1001 736 1039 limitibus
761 1000 1116 1048 circumscribebat‚
1151 1008 1193 1038 ut
1226 1000 1319 1038 hanc

205 1073 375 1111 homines
401 1080 544 1110 tantum
568 1080 759 1120 spectare,
799 1072 997 1120 Deumque
1023 1070 1166 1118 reliqua
1197 1069 1320 1108 omnia

206 1143 399 1182 hominum
433 1154 542 1181 causa
579 1153 707 1180 curare
737 1142 889 1180 diceret.
944 1141 1060 1190 Quod
1081 1151 1168 1178 sane
1190 1150 1319 1188 parum

207 1212 360 1261 dignum
399 1221 455 1250 est
489 1211 560 1250 Dei
585 1211 843 1260 benignitate,
876 1210 998 1248 omnia
1023 1212 1320 1258 compiectente,

207 1282 364 1331 singulis
403 1280 651 1319 animantibus
694 1291 770 1318 eam
811 1278 1024 1318 felicitatem
1062 1279 1318 1325 concedente,

205 1353 315 1401 cujus
340 1362 490 1399 capaces
516 1359 618 1388 sunt.
685 1350 890 1389 Sublimius
932 1358 967 1387 et
999 1349 1147 1398 dignius
1184 1350 1230 1387 de
1251 1348 1323 1388 Dei

206 1421 435 1471 benignitate
482 1421 554 1470 J'atn
603 1421 810 1468 loquuntur
863 1419 1116 1457 Hebraeorum
1160 1419 1321 1467 poetae,

209 1492 276 1539 qui
302 1492 421 1530 Deum
451 1499 672 1539 proponunt
698 1499 883 1537 tamquam
912 1488 1235 1537 patremfamilias,
1256 1489 1321 1536 qui

209 1561 398 1610 singulis,
427 1572 520 1608 quae
557 1560 596 1598 in
629 1572 751 1597 *rerum
793 1569 946 1605 natura,
987 1559 1102 1597 veluti
1139 1558 1176 1596 in
1207 1559 1320 1596 domo

211 1643 278 1669 sua
321 1632 484 1680 degunt,
526 1630 765 1668 animantium
815 1628 1011 1678 generibus
1045 1639 1116 1666 suo
1155 1637 1321 1677 tempore

208 1701 378 1739 alimenta
404 1700 574 1749 praebeat
597 1700 680 1749 (ι).

712 1836 751 1883 §.
779 1846 815 1884 5.

381 1955 589 2005 Quamnam
614 1951 782 1990 Socrates
811 1948 880 1986 sibi
900 1946 1164 1995 informaverit

474 2024 640 2062 Divinae
665 2029 829 2058 naturae
853 2019 1029 2056 notionem
1044 2019 1066 2055 ‚2

260 2133 339 2182 Jam
374 2129 545 2169 adhibitis
577 2128 647 2174 iis,
686 2137 781 2174 quae
805 2116 966 2164 vidimus
991 2126 1034 2163 de
1058 2123 1127 2163 Dei
1148 2121 1325 2172 operibus

1290 2200 1326 2232 et

260 2272 308 2311 (ι)
344 2270 396 2300 Cf.
419 2268 578 2299 Psalmas
599 2266 659 2298 104
680 2265 820 2296 etalibi.
