1487 2625
470 185 925 237 ·0RAT10.
1242 198 1297 242 55

180 318 393 378 pertinere
441 320 705 379 viderentur3
761 324 950 369 notitiam
998 341 1122 386 saepe
1167 344 1295 387 prae-

179 395 270 440 huit
317 397 559 456 copiosam,
618 407 662 444 at
707 400 776 444 hic
816 401 900 446 illic
938 402 1075 448 minus
1116 418 1294 450 accura-

176 479 292 528 tam,
348 475 560 520 variorum
605 484 874 535 systematum
914 479 1290 540 philosophorum3

176 562 314 607 neque
342 553 690 598 contemnendam
726 555 945 600 doctrinae
975 557 1156 615 copiam.
1190 559 1290 616 Quo

174 627 336 686 maj0re
357 643 450 673 cum
481 630 652 684 dolore,
686 632 807 676 Ordo
831 631 875 675 in
901 633 1186 679 laudatissimo
1216 650 1290 680 ce-

173 706 369 763 teroquin
406 706 555 764 juvene
584 707 730 765 judicii
763 722 941 753 acumen
978 718 1018 754 et
1052 711 1288 755 Latinitatis

170 781 365 840 peritiam
392 783 655 829 desideravit.
728 785 853 829 Adeo
889 786 1000 830 enim
1033 788 1219 845 neglecta
1249 796 1289 834 et

171 857 358 903 barbara
389 875 488 905 usus
525 868 586 906 est
620 861 786 920 lingua,
815 869 861 906 ut
887 877 983 916 eas,
1016 879 1120 921 quas
1146 865 1290 909 volue-

170 943 238 980 rat
271 935 353 996 ipsi
377 938 520 982 laudes
548 938 755 991 tribuere,
786 953 872 983 non
898 947 1042 999 posset
1075 941 1211 986 Ordo.

228 1013 452 1073 Oppositis
486 1015 679 1077 laudibus
715 1015 946 1074 conspicua
983 1016 1060 1059 fuit
1100 1017 1285 1060 secunda

167 1089 443 1148 Disquisitio‚
489 1091 556 1135 cui
594 1092 854 1154 symbolum:
909 1092 1058 1150 ἓχθρος
1091 1094 1174 1150 γὰρ
1213 1111 1283 1149 μοι

166 1185 290 1216 κεινος
323 1185 363 1212 κ.
395 1186 435 1212 τ.
465 1176 505 1212 λ.
578 1168 742 1226 Quodsi
781 1169 889 1213 enim
925 1169 1045 1213 unius
1074 1169 1284 1213 Latinita-

166 1244 241 1299 tis,
274 1259 381 1302 quae
410 1245 558 1289 eximia
581 1253 644 1290 est
662 1238 867 1300 dicenda,
894 1246 1037 1290 fuisset
1064 1247 1181 1310 ratio
1201 1247 1282 1291 ha-

165 1321 307 1366 benda
323 1353 336 1376 ,
364 1321 513 1366 ceteris
538 1323 696 1367 cunctis
723 1324 1000 1382 praeferenda
1021 1332 1128 1368 esset
1149 1324 1281 1369 haec-

164 1412 214 1443 ce
258 1398 517 1457 Disputatio.
602 1400 748 1456 Neque
790 1415 890 1444 vero
931 1400 1028 1444 huic
1078 1401 1278 1445 orationis

160 1476 440 1536 praestantiae
461 1491 586 1535 pares
610 1483 707 1521 sunt
732 1478 965 1522 censendae
995 1486 1156 1522 ceterae
1174 1479 1278 1522 Dis-

162 1553 396 1611 quisitionis
430 1554 563 1598 dotes.
625 1554 915 1612 Dispositione
946 1555 1112 1599 laborat
1138 1554 1278 1600 minus

159 1631 284 1689 justa.
346 1629 535 1675 Subinde
568 1629 695 1674 levius
723 1630 768 1674 iu
797 1639 1046 1689 argumento
1086 1639 1275 1676 versatur

159 1715 329 1762 auctor,
377 1714 489 1752 certe
519 1721 606 1751 non
640 1707 700 1751 ita
730 1706 856 1761 illud,
899 1723 982 1765 qua
1018 1709 1101 1752 late
1131 1716 1272 1768 patet,

157 1784 446 1842 disquisitione
495 1800 571 1829 sua
618 1785 862 1844 complexus
900 1792 986 1839 est,
1030 1789 1075 1828 ut
1116 1785 1272 1844 prioris

155 1862 491 1922 Disputationis‚
527 1869 566 1907 et
595 1869 769 1920 quartae
785 1895 798 1916 7
829 1878 954 1919 quam
980 1861 1269 1916 laudabimus,

157 1947 365 1985 auctores.

213 2016 358 2061 Tertia
393 2015 656 2075 Disputatio,
700 2016 765 2059 cui
805 2016 956 2059 lemma
992 2015 1265 2075 inscriptum:

153 2113 209 2140 w
238 2110 318 2153 γαρ
344 2112 447 2152 ocupa
475 2111 531 2137 w
562 2111 601 2137 κ.
633 2111 671 2137 τ.
703 2101 741 2135 λ.
776 2092 983 2136 secundae
1012 2092 1140 2145 vitiis,
1169 2094 1266 2150 qui-

152 2172 233 2216 bus
264 2170 459 2226 laborat,
494 2168 807 2229 aequiparanda
836 2169 1025 2223 videtur,
1071 2170 1263 2216 laudibus

152 2262 238 2294 non
273 2248 387 2294 item.
461 2238 736 2294 'Desideratur
774 2246 881 2292 enim
926 2246 1088 2291 lucidus
1128 2248 1260 2302 ordo,
