1487 2625
366 191 952 232 THEOLootcA.
1166 204 1214 241 55

110 303 231 342 mahat
253 302 347 340 enim
363 328 376 348 ‚
403 302 506 340 Deos
533 301 746 339 hominibus
769 302 927 338 animum
953 303 1098 354 dedisse
1112 313 1213 348 prae-

108 372 399 419 stantissimum,
427 373 646 410 instructum
677 359 829 420 egregiis
859 371 1111 418 facultatibus,
1143 372 1212 408 [lis

108 443 189 490 usi,
212 444 257 481 de
277 442 469 491 permultis
493 444 604 480 rebus
629 442 699 489 ipsi
718 443 880 490 judicare
905 452 1132 489 possumus:
1159 441 1220 478 sic.

105 524 310 562 possumus
331 512 493 561 judicare
515 514 559 550 de
587 523 658 558 eo,
688 521 811 549 utrum
838 511 920 548 navi
948 510 1212 559 praeficiendus

105 582 156 620 sit
180 581 314 630 aliquis
341 582 570 629 gubernandi
593 581 680 619 artis
705 581 846 629 peritus
865 609 877 627 ,
913 593 957 618 an
985 593 1070 618 vero
1097 581 1212 629 impe-

105 653 225 700 ritus3
266 654 400 690 multas
442 663 597 700 quoque
624 662 908 701 respossumus
933 651 1211 696 computando,

104 722 288 765 metiendo
306 750 320 770 ,
371 723 610 771 ponderando
657 732 901 770 pernoscere3
939 720 1100 767 denique
1139 719 1214 766 ipsi

102 793 267 834 valemus
287 793 451 842 judicare
469 792 515 829 de
538 791 748 829 actionibus
762 818 775 833 ‚
797 791 841 827 ad
868 790 1109 827 moralitatem
1130 801 1212 837 per-

102 860 333 909 tinentibus,
362 871 482 900 utrum
514 861 674 899 officium
701 860 864 908 flagitet,
892 860 970 897 illas
1000 859 1211 906 suscipere,

103 942 150 970 an
174 942 263 969 vero
288 932 492 969 omittere..
515 932 572 969 De
597 931 654 968 his
681 930 854 967 omnibus
877 929 974 976 ipsi,
1001 927 1216 976 cognitione

101 1001 235 1040 idonea
254 1001 450 1047 instructi,
477 1000 793 1046 facultatibusque
815 1000 886 1036 illis
913 999 1008 1036 bene
1031 998 1213 1043 excultis,
1242 1034 1246 1040 ,

101 1069 269 1119 judicare
304 1081 541 1118 possumus3
585 1069 646 1107 Dii
689 1070 848 1106 humano
883 1067 1025 1116 judicio
1057 1068 1214 1117 rcqutie-

104 1149 220 1186 runt,
249 1148 290 1176 ut
313 1130 357 1177 de
384 1139 442 1176 his
473 1140 669 1183 decernat,
698 1147 733 1174 et
759 1138 796 1174 in
825 1137 882 1174 his
907 1137 1031 1184 eligat.
1080 1154 1082 1156 ·

123 1232 134 1255 ς
156 1209 230 1246 Sed
251 1207 315 1255 id,
343 1209 446 1255 quod
472 1208 668 1245 maximum
696 1217 752 1244 est
781 1207 816 1243 in
840 1207 898 1243 his
923 1206 1061 1252 rebus,
1103 1216 1214 1249 even-

105 1287 184 1316 tum
223 1289 382 1326 nempe,
441 1279 502 1315 Dii
539 1278 611 1315 sibi
654 1277 745 1324 ipsis
786 1284 1034 1313 reservarunt.
1089 1275 1215 1313 Nobis

108 1347 221 1394 licet,
248 1348 281 1384 si
308 1348 396 1384 artis
426 1347 594 1394 peritiam
621 1346 940 1393 comparavimus,
969 1344 1159 1393 aptissime
1182 1354 1218 1381 et

108 1417 358 1467 pulcherrime
383 1417 533 1454 domum
560 1415 776 1453 aedificare:
808 1415 878 1451 sed
905 1425 994 1451 num
1022 1413 1093 1462 ipsi
1117 1414 1155 1450 in
1178 1426 1217 1450 ea

109 1487 308 1525 habitaturi
345 1486 487 1531 simus,
532 1485 603 1522 hoc
629 1496 697 1521 nos
728 1485 841 1529 latet,
862 1531 864 1533 Ι
884 1484 953 1520 hoc
979 1484 1038 1521 Dii
1066 1483 1139 1519 sibi
1164 1493 1220 1519 re-

113 1566 320 1596 servarunt.
375 1555 571 1593 Prudentia
608 1555 760 1599 suadet,
802 1562 841 1599 ut
875 1553 985 1590 nobis
1007 1553 1042 1589 in
1070 1553 1219 1590 civitate

109 1638 364 1675 comparemus
404 1628 541 1662 multos
581 1624 735 1668 affines,
772 1622 989 1660 auctoritate
1016 1622 1216 1659 florentes:

110 1700 198 1736 latet
226 1705 347 1735 tamen
368 1707 465 1741 nos„
503 1705 548 1732 an
574 1705 649 1731 non
680 1694 787 1747 iigiem
815 1693 851 1729 hi
877 1693 1000 1729 affines
1023 1692 1218 1738 aliquando

109 1778 182 1806 nos
205 1778 225 1804 e
250 1766 398 1803 civitate
423 1765 614 1812 expulsuri
643 1764 732 1801 sint.
775 1763 880 1811 Quae
906 1774 1020 1809 quum
1047 1762 1095 1799 ita
1120 1761 1222 1806 sint,

111 1838 334 1883 Socrates
376 1835 576 1881 censebat,
612 1845 682 1871 nos
717 1833 848 1870 debere
873 1835 925 1869 uti
951 1832 1100 1880 ingenio
1129 1831 1221 1868 divi-

111 1907 213 1945 nitus
233 1907 341 1952 dato,
370 1915 406 1943 et
429 1903 548 1942 facere
571 1916 636 1950 ea,
667 1914 760 1950 quae
786 1901 951 1939 facienda
976 1913 1081 1947 esse,
1108 1901 1220 1938 huius
1267 1885 1269 1887 Ι

115 1976 251 2025 ingenii
269 1987 340 2023 ope
355 1974 543 2012 videmus:
575 1974 618 2010 de
644 1972 686 2009 iis
715 1983 830 2017 vero,
860 1982 951 2017 quae
980 1970 1042 2007 Dii
1069 1970 1140 2007 sibi
1167 1981 1221 2006 re-

115 2054 329 2089 servarunt,
357 2054 593 2092 quorumque.
606 2050 758 2079 eventus
776 2041 938 2079 incertus
955 2049 1033 2086 est,
1060 2041 1103 2077 ad
1118 2040 1218 2077 Deos

115 2113 488 2163 essereferendumg.
540 2112 611 2149 hos
648 2111 743 2148 enim
783 2109 828 2146 iis
841 2136 855 2156 ‚
896 2109 1033 2156 quibus
1068 2108 1221 2157 propitii

117 2185 220 2233 sint,
269 2194 389 2222 earum
438 2193 559 2220 rerum
597 2191 765 2218 eventurn
803 2179 1072 2227 praenuntiare.
1145 2177 1223 2231 Qui

119 2257 222 2302 Deos
249 2253 521 2302 interrogabant
542 2252 585 2289 de
610 2252 653 2288 iis
670 2279 681 2298 ‚
720 2262 811 2297 quae
841 2250 935 2298 ipsi,
974 2249 1224 2298 cognitionem

1145 2318 1227 2358 ido<
