1487 2625
229 216 275 259 84
446 209 1099 249 COMMENTATIO

232 329 292 357 tur
337 320 419 369 (ι).
497 317 717 365 Philosophi
767 327 803 354 et
852 317 1040 365 religionis
1091 319 1261 357 doctores
1299 319 1336 357 id

232 401 336 438 agere
363 397 501 425 tautum
529 389 692 433 debent,
731 396 772 423 ut
802 398 930 423 omnes
955 386 1198 434 cogitationes
1226 397 1338 426 terre-

234 470 300 496 nae
336 470 355 495 a
394 457 532 495 Divino
575 456 723 493 numine
769 464 1053 493 removeantur:
1108 455 1189 504 ipse
1234 457 1337 494 Deus

234 534 309 576 φῶς
343 530 430 567 οἰκεῖ
464 528 670 575 ἀπρόσιτον,
709 524 743 565 ὃν
776 525 866 565 εἶδεν
902 527 1009 568 οὐδεὶς
1033 527 1235 578 ανθρώπων,
1266 530 1341 567 οὐδὲ

233 599 314 637 ἰδεῖν
341 599 486 636 δύναται
504 623 515 641 ,
546 604 587 632 ut
612 595 701 632 dicit
724 595 903 644 apostolus
930 594 1102 632 Paulus
1129 596 1222 643 (τι),
1249 596 1342 644 ipsis

234 666 312 702 fere
370 665 493 701 verbis
541 676 622 701 cum
681 665 874 701 Socrate
925 665 1178 706 consentiens.
1262 666 1342 703 Nec

237 745 396 781 unquam
421 734 637 782 philosophi
663 735 745 779 plus
766 733 1002 780 praestitere,
1032 746 1141 781 quam
1163 743 1203 772 ut
1222 736 1344 773 omnia

236 812 376 841 terrena
398 815 417 840 a
439 804 595 841 Divinae
615 812 761 840 naturae
782 804 936 840 notione
954 813 1210 842 removerent:
1234 804 1343 841 notio

237 872 332 910 enim
372 873 446 910 Dei
464 873 640 922 spirittls,
672 874 774 920 quod
797 874 841 910 ad
869 873 982 920 ipsam
1014 873 1082 911 Dei
1108 882 1273 912 naturam
1302 885 1344 911 ae

235 944 450 987 essentiam,
481 951 620 979 tantum
644 945 811 991 negativi
829 943 919 990 quid
943 945 1185 991 pronuntiat,
1212 954 1345 992 nempe

235 1011 282 1048 ab
305 1024 347 1048 ea
371 1012 489 1049 abesse
513 1024 614 1049 omne
637 1024 865 1061 corporeum.

289 1081 385 1118 Haec
434 1081 546 1128 igitur
585 1093 698 1128 quum
735 1090 831 1119 esset
874 1082 1094 1120 Socratis
1133 1083 1344 1128 sententia,

236 1159 360 1197 patet,
398 1150 538 1196 nobis,
578 1151 612 1187 iu
648 1152 861 1197 exponenda
894 1152 1122 1189 Socratis
1158 1152 1202 1188 de
1234 1151 1345 1189 rebus

236 1220 385 1257 Divinis
438 1221 604 1257 doctrina
656 1220 910 1264 versantibus,
960 1231 1035 1256 non
1083 1219 1343 1266 inquirendum

239 1301 347 1336 esse,
377 1291 465 1337 quid
488 1290 657 1326 statuerit
679 1290 722 1326 de
748 1290 912 1326 Deorum
940 1289 1170 1334 substantia,
1197 1288 1343 1336 forma,

239 1361 363 1397 habitu
381 1388 392 1404 .,
434 1360 477 1396 de
521 1360 603 1396 loco
620 1387 632 1405 ‚
680 1359 744 1396 ubi
781 1367 1086 1404 commorentur,
1139 1360 1185 1396 de
1217 1370 1342 1396 eorum

237 1430 493 1476 simplicitate,
522 1429 716 1476 libertate,
746 1428 920 1475 reliquis,
954 1440 1045 1475 quae
1065 1440 1084 1466 a
1105 1429 1344 1477 Philosophis

237 1500 495 1546 agitabantur,
535 1498 841 1546 quaestionibus:
884 1510 965 1536 nam
1003 1499 1039 1535 in
1072 1499 1136 1536 has
1165 1498 1244 1546 ipse
1268 1509 1345 1535 non

237 1570 446 1618 inquisivit.

287 1640 425 1677 Nullus
448 1650 466 1675 e
488 1637 675 1676 doctrinae
700 1637 905 1675 Socraticae
935 1635 1221 1683 interpretibus,
1248 1648 1344 1684 quos

236 1710 429 1747 consulere
452 1708 537 1745 mihi
568 1708 696 1752 licuit,
727 1707 818 1744 vidit
845 1707 938 1743 illam
966 1706 1173 1746 Socratis
1198 1715 1346 1744 senten-

237 1779 347 1823 tiam,
385 1788 454 1814 tam
497 1779 702 1814 luculenter
724 1776 964 1824 patefactam,
1006 1775 1056 1814 ita
1081 1785 1343 1825 congruentem

236 1849 315 1885 eius
342 1848 489 1895 ingenio
517 1848 743 1893 studioqtoe3
773 1848 875 1893 ium,
902 1847 1002 1893 quod
1029 1847 1159 1884 mirum
1187 1847 1343 1894 accidit,

235 1917 412 1965 neglectis
440 1917 584 1955 disertis
615 1916 830 1953 Socratis
867 1917 1015 1962 verbis,
1050 1926 1112 1954 aut
1147 1928 1166 1953 a
1203 1917 1344 1965 priori,

235 1997 298 2026 aut
319 2000 338 2025 e
359 1987 451 2025 locis
471 1986 659 2025 nonnullis
681 1988 751 2023 huc
773 1997 848 2023 nou
869 1986 1138 2033 pcrtinentibus
1160 1986 1344 2031 efficiunt,

1255 2056 1345 2102 quid

279 2123 326 2163 (1)
354 2121 446 2152 Dicta
472 2122 575 2158 enirn,
601 2121 705 2161 qualia
729 2125 818 2150 sunt:
844 2121 911 2159 θεός
933 2120 1007 2154 ἐστι
1024 2123 1172 2162 πνεῦμα,
1200 2120 1342 2163 ἄγκη-ἣ,

237 2179 308 2220 Φῶς
324 2206 332 2217 ‚
355 2182 499 2217 spectaui:
520 2178 696 2213 moralem,
721 2187 785 2206 non
807 2177 1065 2217 metaphysicam
1087 2177 1223 2208 Divinae
1247 2183 1344 2207 natu-

236 2244 286 2261 t-ne
308 2234 474 2262 rationem.

276 2287 322 2326 (2)
349 2288 380 2315 I.
397 2287 438 2315 ad
455 2286 538 2314 Tim.
555 2283 615 2313 Vl.
630 2295 677 2314 vs.
694 2285 787 2314 16³·
803 2283 853 2313 ss.
870 2284 945 2312 Jols.
967 2284 988 2311 Ι.
1007 2294 1041 2311 vs
1068 2284 1116 2312 18.
1133 2294 1156 2310 c.
1174 2283 1202 2313 6.
1215 2294 1256 2313 vs.
1273 2283 1325 2313 46.
