<?xml version="1.0" encoding="UTF-8"?>
<!DOCTYPE html PUBLIC "-//W3C//DTD XHTML 1.0 Transitional//EN"
    "http://www.w3.org/TR/xhtml1/DTD/xhtml1-transitional.dtd">
<html xmlns="http://www.w3.org/1999/xhtml" xml:lang="en" lang="en">
 <head>
  <title>
</title>
<meta http-equiv="Content-Type" content="text/html;charset=utf-8" />
  <meta name='ocr-system' content='tesseract 3.04.00' />
  <meta name='ocr-capabilities' content='ocr_page ocr_carea ocr_par ocr_line ocrx_word'/>
</head>
<body>
  <div class='ocr_page' id='page_1' title='image "annalesacademiae35rhen_0097.png"; bbox 0 0 1487 2625; ppageno 0'>
   <div class='ocr_carea' id='block_1_1' title="bbox 418 190 1190 239">
    <p class='ocr_par' dir='ltr' id='par_1_1' title="bbox 418 190 1190 239">
     <span class='ocr_line' id='line_1_1' title="bbox 418 190 1190 239; baseline -0.006 -1"><span class='ocrx_word' id='word_1_1' title='bbox 418 192 805 239; x_wconf 88' lang='lat' dir='ltr'><strong>ORATIO.</strong></span> <span class='ocrx_word' id='word_1_2' title='bbox 1026 213 1028 216; x_wconf 93' lang='lat'>·</span> <span class='ocrx_word' id='word_1_3' title='bbox 1136 190 1190 234; x_wconf 81' lang='lat'><strong>53</strong></span> 
     </span>
    </p>
   </div>
   <div class='ocr_carea' id='block_1_2' title="bbox 0 325 1181 2006">
    <p class='ocr_par' dir='ltr' id='par_1_2' title="bbox 63 325 1181 616">
     <span class='ocr_line' id='line_1_2' title="bbox 67 325 1181 390; baseline -0.005 -15"><span class='ocrx_word' id='word_1_4' title='bbox 67 342 290 390; x_wconf 83' lang='lat' dir='ltr'><strong>progressa</strong></span> <span class='ocrx_word' id='word_1_5' title='bbox 328 327 382 372; x_wconf 84' lang='lat' dir='ltr'><strong>sit</strong></span> <span class='ocrx_word' id='word_1_6' title='bbox 415 327 536 385; x_wconf 85' lang='lat' dir='ltr'><strong>hujus</strong></span> <span class='ocrx_word' id='word_1_7' title='bbox 572 326 633 370; x_wconf 82' lang='lat' dir='ltr'><strong>rei</strong></span> <span class='ocrx_word' id='word_1_8' title='bbox 664 326 846 384; x_wconf 78' lang='lat' dir='ltr'>cognitio</span> <span class='ocrx_word' id='word_1_9' title='bbox 889 325 1181 370; x_wconf 64' lang='lat' dir='ltr'><strong>mathematica</strong></span> 
     </span>
     <span class='ocr_line' id='line_1_3' title="bbox 66 403 1180 465; baseline -0.004 -14"><span class='ocrx_word' id='word_1_10' title='bbox 66 413 108 451; x_wconf 84' lang='lat' dir='ltr'><strong>et</strong></span> <span class='ocrx_word' id='word_1_11' title='bbox 144 403 334 465; x_wconf 86' lang='lat' dir='ltr'><strong>physica.</strong></span> <span class='ocrx_word' id='word_1_12' title='bbox 392 403 520 449; x_wconf 88' lang='lat' dir='ltr'>Dolet</span> <span class='ocrx_word' id='word_1_13' title='bbox 555 403 685 462; x_wconf 83' lang='lat' dir='ltr'><strong>igitur</strong></span> <span class='ocrx_word' id='word_1_14' title='bbox 716 404 924 456; x_wconf 83' lang='lat' dir='ltr'><strong>facultas,</strong></span> <span class='ocrx_word' id='word_1_15' title='bbox 956 404 1071 460; x_wconf 93' lang='lat' dir='ltr'><strong>quod</strong></span> <span class='ocrx_word' id='word_1_16' title='bbox 1111 411 1180 447; x_wconf 86' lang='lat' dir='ltr'><strong>ta·-</strong></span> 
     </span>
     <span class='ocr_line' id='line_1_4' title="bbox 63 480 1180 538; baseline -0.001 -13"><span class='ocrx_word' id='word_1_17' title='bbox 63 482 125 527; x_wconf 89' lang='lat' dir='ltr'><strong>les</strong></span> <span class='ocrx_word' id='word_1_18' title='bbox 163 496 250 526; x_wconf 93' lang='lat' dir='ltr'><strong>non</strong></span> <span class='ocrx_word' id='word_1_19' title='bbox 279 481 362 526; x_wconf 88' lang='lat' dir='ltr'><strong>sint</strong></span> <span class='ocrx_word' id='word_1_20' title='bbox 389 480 469 526; x_wconf 89' lang='lat' dir='ltr'><strong>hae</strong></span> <span class='ocrx_word' id='word_1_21' title='bbox 508 481 878 525; x_wconf 83' lang='lat' dir='ltr'><strong>commentationes</strong></span> <span class='ocrx_word' id='word_1_22' title='bbox 914 487 957 523; x_wconf 91' lang='lat' dir='ltr'><strong>ut</strong></span> <span class='ocrx_word' id='word_1_23' title='bbox 992 480 1180 538; x_wconf 82' lang='lat' dir='ltr'><strong>praemio</strong></span> 
     </span>
     <span class='ocr_line' id='line_1_5' title="bbox 68 559 410 616; baseline -0.009 -11"><span class='ocrx_word' id='word_1_24' title='bbox 68 559 215 605; x_wconf 89' lang='lat' dir='ltr'><strong>ornari</strong></span> <span class='ocrx_word' id='word_1_25' title='bbox 242 565 410 616; x_wconf 83' lang='lat' dir='ltr'><strong>queant.</strong></span> 
     </span>
    </p>

    <p class='ocr_par' dir='ltr' id='par_1_3' title="bbox 121 634 785 693">
     <span class='ocr_line' id='line_1_6' title="bbox 121 634 785 693; baseline -0.006 -12"><span class='ocrx_word' id='word_1_26' title='bbox 121 636 192 682; x_wconf 84' lang='lat' dir='ltr'><strong>Ad</strong></span> <span class='ocrx_word' id='word_1_27' title='bbox 222 634 507 693; x_wconf 81' lang='lat' dir='ltr'><strong>quaestionem</strong></span> <span class='ocrx_word' id='word_1_28' title='bbox 532 635 785 683; x_wconf 79' lang='lat' dir='ltr'><strong>chemicam:</strong></span> 
     </span>
    </p>

    <p class='ocr_par' dir='ltr' id='par_1_4' title="bbox 17 711 1179 1078">
     <span class='ocr_line' id='line_1_7' title="bbox 125 711 1179 771; baseline -0.007 -15"><span class='ocrx_word' id='word_1_29' title='bbox 125 742 154 767; x_wconf 89' lang='lat'>„</span> <span class='ocrx_word' id='word_1_30' title='bbox 189 713 444 771; x_wconf 75' lang='lat' dir='ltr'><em>Quaeritur</em></span> <span class='ocrx_word' id='word_1_31' title='bbox 467 720 689 755; x_wconf 81' lang='lat' dir='ltr'><strong>accurata</strong></span> <span class='ocrx_word' id='word_1_32' title='bbox 708 711 931 767; x_wconf 70' lang='lat' dir='ltr'><em>expositio</em></span> <span class='ocrx_word' id='word_1_33' title='bbox 949 712 1179 766; x_wconf 75' lang='lat' dir='ltr'><strong>principii</strong></span> 
     </span>
     <span class='ocr_line' id='line_1_8' title="bbox 65 790 1179 848; baseline -0.006 -15"><span class='ocrx_word' id='word_1_34' title='bbox 65 821 96 844; x_wconf 87' lang='lat'>„</span> <span class='ocrx_word' id='word_1_35' title='bbox 124 793 375 844; x_wconf 82' lang='lat' dir='ltr'><strong>Kreozoti,</strong></span> <span class='ocrx_word' id='word_1_36' title='bbox 408 806 499 848; x_wconf 81' lang='lat' dir='ltr'><strong>qua</strong></span> <span class='ocrx_word' id='word_1_37' title='bbox 527 793 626 846; x_wconf 74' lang='lat' dir='ltr'><strong>ejus</strong></span> <span class='ocrx_word' id='word_1_38' title='bbox 650 791 856 845; x_wconf 80' lang='lat' dir='ltr'><strong>parandi</strong></span> <span class='ocrx_word' id='word_1_39' title='bbox 888 790 1036 840; x_wconf 78' lang='lat' dir='ltr'><strong>ratio,</strong></span> <span class='ocrx_word' id='word_1_40' title='bbox 1063 804 1179 842; x_wconf 82' lang='lat' dir='ltr'><strong>pro-</strong></span> 
     </span>
     <span class='ocr_line' id='line_1_9' title="bbox 68 864 1178 925; baseline -0.004 -15"><span class='ocrx_word' id='word_1_41' title='bbox 68 898 97 921; x_wconf 88' lang='lat'>„</span> <span class='ocrx_word' id='word_1_42' title='bbox 121 869 352 924; x_wconf 75' lang='lat' dir='ltr'><strong>prietates</strong></span> <span class='ocrx_word' id='word_1_43' title='bbox 385 865 564 909; x_wconf 63' lang='lat' dir='ltr'><strong>ebusus</strong></span> <span class='ocrx_word' id='word_1_44' title='bbox 589 868 784 925; x_wconf 79' lang='lat' dir='ltr'><strong>(medico</strong></span> <span class='ocrx_word' id='word_1_45' title='bbox 810 864 1018 921; x_wconf 79' lang='lat' dir='ltr'><strong>excepto)</strong></span> <span class='ocrx_word' id='word_1_46' title='bbox 1053 867 1178 907; x_wconf 72' lang='lat' dir='ltr'><em>indi--</em></span> 
     </span>
     <span class='ocr_line' id='line_1_10' title="bbox 63 944 1176 999; baseline -0.004 -12"><span class='ocrx_word' id='word_1_47' title='bbox 63 974 93 998; x_wconf 89' lang='lat'>„</span> <span class='ocrx_word' id='word_1_48' title='bbox 124 952 311 997; x_wconf 82' lang='lat' dir='ltr'><strong>centur,</strong></span> <span class='ocrx_word' id='word_1_49' title='bbox 340 952 385 986; x_wconf 80' lang='lat' dir='ltr'><strong>et</strong></span> <span class='ocrx_word' id='word_1_50' title='bbox 414 947 620 986; x_wconf 73' lang='lat' dir='ltr'><strong>auctoris</strong></span> <span class='ocrx_word' id='word_1_51' title='bbox 646 947 807 996; x_wconf 81' lang='lat' dir='ltr'><strong>etiam,</strong></span> <span class='ocrx_word' id='word_1_52' title='bbox 834 944 1176 999; x_wconf 76' lang='lat' dir='ltr'><strong>sifleripossit,</strong></span> 
     </span>
     <span class='ocr_line' id='line_1_11' title="bbox 17 1023 820 1078; baseline -0.001 -13"><span class='ocrx_word' id='word_1_53' title='bbox 17 1076 19 1078; x_wconf 14' lang='lat' dir='ltr'>q</span> <span class='ocrx_word' id='word_1_54' title='bbox 62 1052 92 1075; x_wconf 88' lang='lat'>„</span> <span class='ocrx_word' id='word_1_55' title='bbox 124 1023 450 1078; x_wconf 72' lang='lat' dir='ltr'><strong>experimentis</strong></span> <span class='ocrx_word' id='word_1_56' title='bbox 473 1023 820 1064; x_wconf 70' lang='lat' dir='ltr'><strong>illustrentur-‚⁹⁹</strong></span> 
     </span>
    </p>

    <p class='ocr_par' dir='ltr' id='par_1_5' title="bbox 57 1096 1177 1464">
     <span class='ocr_line' id='line_1_12' title="bbox 123 1096 1177 1155; baseline -0.005 -12"><span class='ocrx_word' id='word_1_57' title='bbox 123 1098 222 1144; x_wconf 88' lang='lat' dir='ltr'><strong>Una</strong></span> <span class='ocrx_word' id='word_1_58' title='bbox 252 1105 413 1142; x_wconf 86' lang='lat' dir='ltr'><strong>tantum</strong></span> <span class='ocrx_word' id='word_1_59' title='bbox 446 1097 631 1142; x_wconf 83' lang='lat' dir='ltr'><strong>facultati</strong></span> <span class='ocrx_word' id='word_1_60' title='bbox 662 1098 804 1141; x_wconf 85' lang='lat' dir='ltr'><strong>oblata</strong></span> <span class='ocrx_word' id='word_1_61' title='bbox 839 1104 898 1141; x_wconf 87' lang='lat' dir='ltr'><strong>est</strong></span> <span class='ocrx_word' id='word_1_62' title='bbox 926 1096 1177 1155; x_wconf 81' lang='lat' dir='ltr'><strong>responsio,</strong></span> 
     </span>
     <span class='ocr_line' id='line_1_13' title="bbox 62 1173 1145 1235; baseline -0.004 -15"><span class='ocrx_word' id='word_1_63' title='bbox 62 1175 130 1220; x_wconf 86' lang='lat' dir='ltr'><strong>cui</strong></span> <span class='ocrx_word' id='word_1_64' title='bbox 165 1175 401 1235; x_wconf 84' lang='lat' dir='ltr'><strong>symbolum</strong></span> <span class='ocrx_word' id='word_1_65' title='bbox 435 1183 524 1219; x_wconf 87' lang='lat' dir='ltr'><strong>erat</strong></span> <span class='ocrx_word' id='word_1_66' title='bbox 565 1174 932 1219; x_wconf 86' lang='lat' dir='ltr'><strong>Boerhaavii</strong></span> <span class='ocrx_word' id='word_1_67' title='bbox 964 1173 1145 1217; x_wconf 88' lang='lat' dir='ltr'><strong>dictum:</strong></span> 
     </span>
     <span class='ocr_line' id='line_1_14' title="bbox 59 1254 1176 1310; baseline -0.003 -14"><span class='ocrx_word' id='word_1_68' title='bbox 59 1308 61 1310; x_wconf 21' lang='grc' dir='ltr'>Ι</span> <span class='ocrx_word' id='word_1_69' title='bbox 121 1284 149 1306; x_wconf 89' lang='grc'><strong>,,</strong></span> <span class='ocrx_word' id='word_1_70' title='bbox 178 1256 284 1296; x_wconf 87' lang='lat' dir='ltr'><strong>Hoc</strong></span> <span class='ocrx_word' id='word_1_71' title='bbox 314 1269 484 1297; x_wconf 75' lang='lat' dir='ltr'><em>aarum</em></span> <span class='ocrx_word' id='word_1_72' title='bbox 514 1255 735 1296; x_wconf 80' lang='lat' dir='ltr'><strong>monitum</strong></span> <span class='ocrx_word' id='word_1_73' title='bbox 759 1255 979 1309; x_wconf 67' lang='lat' dir='ltr'><strong>suspicite</strong></span> <span class='ocrx_word' id='word_1_74' title='bbox 1005 1254 1176 1294; x_wconf 73' lang='lat' dir='ltr'><strong>chemi-</strong></span> 
     </span>
     <span class='ocr_line' id='line_1_15' title="bbox 60 1331 1175 1388; baseline 0 -15"><span class='ocrx_word' id='word_1_75' title='bbox 60 1347 137 1373; x_wconf 86' lang='lat' dir='ltr'><strong>am</strong></span> <span class='ocrx_word' id='word_1_76' title='bbox 163 1333 387 1388; x_wconf 77' lang='lat' dir='ltr'><strong>exquisito</strong></span> <span class='ocrx_word' id='word_1_77' title='bbox 418 1331 596 1382; x_wconf 78' lang='lat' dir='ltr'><strong>labore,</strong></span> <span class='ocrx_word' id='word_1_78' title='bbox 628 1347 741 1374; x_wconf 78' lang='lat' dir='ltr'><strong>nova</strong></span> <span class='ocrx_word' id='word_1_79' title='bbox 771 1332 1025 1381; x_wconf 73' lang='lat' dir='ltr'><strong>suscitare,</strong></span> <span class='ocrx_word' id='word_1_80' title='bbox 1059 1345 1175 1386; x_wconf 69' lang='lat' dir='ltr'><strong>quae</strong></span> 
     </span>
     <span class='ocr_line' id='line_1_16' title="bbox 57 1410 997 1464; baseline -0.001 -14"><span class='ocrx_word' id='word_1_81' title='bbox 57 1410 196 1464; x_wconf 77' lang='lat' dir='ltr'><strong>prius</strong></span> <span class='ocrx_word' id='word_1_82' title='bbox 226 1410 273 1449; x_wconf 82' lang='lat' dir='ltr'><strong>in</strong></span> <span class='ocrx_word' id='word_1_83' title='bbox 305 1423 465 1450; x_wconf 80' lang='lat' dir='ltr'><em>rerum</em></span> <span class='ocrx_word' id='word_1_84' title='bbox 493 1415 666 1449; x_wconf 75' lang='lat' dir='ltr'><strong>natura</strong></span> <span class='ocrx_word' id='word_1_85' title='bbox 697 1423 784 1449; x_wconf 82' lang='lat' dir='ltr'><strong>non</strong></span> <span class='ocrx_word' id='word_1_86' title='bbox 814 1412 997 1449; x_wconf 79' lang='lat' dir='ltr'><strong>erant.&#39;&#39;</strong></span> 
     </span>
    </p>

    <p class='ocr_par' dir='ltr' id='par_1_6' title="bbox 0 1483 1177 2006">
     <span class='ocr_line' id='line_1_17' title="bbox 117 1483 1177 1542; baseline -0.003 -14"><span class='ocrx_word' id='word_1_87' title='bbox 117 1484 168 1529; x_wconf 90' lang='lat' dir='ltr'><strong>In</strong></span> <span class='ocrx_word' id='word_1_88' title='bbox 219 1483 303 1528; x_wconf 90' lang='lat' dir='ltr'><strong>hac</strong></span> <span class='ocrx_word' id='word_1_89' title='bbox 350 1484 698 1528; x_wconf 83' lang='lat' dir='ltr'><strong>commentatione</strong></span> <span class='ocrx_word' id='word_1_90' title='bbox 736 1483 999 1542; x_wconf 85' lang='lat' dir='ltr'><strong>propositum</strong></span> <span class='ocrx_word' id='word_1_91' title='bbox 1047 1497 1177 1540; x_wconf 77' lang='lat' dir='ltr'><strong>argu-</strong></span> 
     </span>
     <span class='ocr_line' id='line_1_18' title="bbox 57 1560 1175 1613; baseline -0.002 -8"><span class='ocrx_word' id='word_1_92' title='bbox 57 1568 242 1606; x_wconf 84' lang='lat' dir='ltr'><strong>mentum</strong></span> <span class='ocrx_word' id='word_1_93' title='bbox 268 1560 323 1604; x_wconf 84' lang='lat' dir='ltr'><strong>ab</strong></span> <span class='ocrx_word' id='word_1_94' title='bbox 349 1567 519 1605; x_wconf 86' lang='lat' dir='ltr'><strong>aucto1e</strong></span> <span class='ocrx_word' id='word_1_95' title='bbox 540 1560 751 1605; x_wconf 80' lang='lat' dir='ltr'><strong>recentlo1</strong></span> <span class='ocrx_word' id='word_1_96' title='bbox 754 1576 796 1606; x_wconf 90' lang='lat' dir='ltr'><strong>es</strong></span> <span class='ocrx_word' id='word_1_97' title='bbox 823 1560 1059 1613; x_wconf 84' lang='lat' dir='ltr'><strong>chemicos,</strong></span> <span class='ocrx_word' id='word_1_98' title='bbox 1091 1560 1175 1603; x_wconf 84' lang='lat' dir='ltr'><strong>im-</strong></span> 
     </span>
     <span class='ocr_line' id='line_1_19' title="bbox 0 1638 1173 1699; baseline 0 -17"><span class='ocrx_word' id='word_1_99' title='bbox 0 1660 1 1688; x_wconf 64' lang='lat'>1</span> <span class='ocrx_word' id='word_1_100' title='bbox 54 1639 200 1699; x_wconf 88' lang='lat' dir='ltr'><strong>primis</strong></span> <span class='ocrx_word' id='word_1_101' title='bbox 229 1638 826 1692; x_wconf 86' lang='lat' dir='ltr'><strong>Reichenbachium,</strong></span> <span class='ocrx_word' id='word_1_102' title='bbox 858 1646 1030 1690; x_wconf 89' lang='lat' dir='ltr'><strong>secuto,</strong></span> <span class='ocrx_word' id='word_1_103' title='bbox 1064 1653 1173 1697; x_wconf 77' lang='lat' dir='ltr'><strong>pro-</strong></span> 
     </span>
     <span class='ocr_line' id='line_1_20' title="bbox 0 1701 1170 1775; baseline -0.001 -15"><span class='ocrx_word' id='word_1_104' title='bbox 0 1701 2 1755; x_wconf 70' lang='lat' dir='ltr'><strong>l</strong></span> <span class='ocrx_word' id='word_1_105' title='bbox 55 1714 252 1760; x_wconf 80' lang='lat' dir='ltr'><strong>habiliter</strong></span> <span class='ocrx_word' id='word_1_106' title='bbox 291 1715 368 1760; x_wconf 88' lang='lat' dir='ltr'><strong>fuit</strong></span> <span class='ocrx_word' id='word_1_107' title='bbox 409 1716 642 1775; x_wconf 82' lang='lat' dir='ltr'><strong>expositum</strong></span> <span class='ocrx_word' id='word_1_108' title='bbox 662 1749 674 1770; x_wconf 96' lang='lat'><strong>,</strong></span> <span class='ocrx_word' id='word_1_109' title='bbox 718 1723 758 1760; x_wconf 82' lang='lat' dir='ltr'><strong>et</strong></span> <span class='ocrx_word' id='word_1_110' title='bbox 798 1717 1006 1760; x_wconf 86' lang='lat' dir='ltr'><strong>nonnullis</strong></span> <span class='ocrx_word' id='word_1_111' title='bbox 1046 1717 1170 1760; x_wconf 81' lang='lat' dir='ltr'><strong>etiam</strong></span> 
     </span>
     <span class='ocr_line' id='line_1_21' title="bbox 2 1784 1172 1853; baseline 0 -15"><span class='ocrx_word' id='word_1_112' title='bbox 2 1821 5 1850; x_wconf 82' lang='lat'>;</span> <span class='ocrx_word' id='word_1_113' title='bbox 58 1792 379 1852; x_wconf 82' lang='lat' dir='ltr'><strong>experimentis,</strong></span> <span class='ocrx_word' id='word_1_114' title='bbox 393 1792 590 1837; x_wconf 88' lang='lat' dir='ltr'><strong>Kreozoti</strong></span> <span class='ocrx_word' id='word_1_115' title='bbox 618 1808 738 1838; x_wconf 88' lang='lat' dir='ltr'><strong>usum</strong></span> <span class='ocrx_word' id='word_1_116' title='bbox 764 1794 1010 1852; x_wconf 77' lang='lat' dir='ltr'><strong>plaesextim</strong></span> <span class='ocrx_word' id='word_1_117' title='bbox 1043 1784 1172 1853; x_wconf 68' lang='lat' dir='ltr'><strong>sPec-</strong></span> 
     </span>
     <span class='ocr_line' id='line_1_22' title="bbox 4 1870 1175 1929; baseline 0.003 -14.995"><span class='ocrx_word' id='word_1_118' title='bbox 4 1896 7 1911; x_wconf 83' lang='lat'><em>·</em></span> <span class='ocrx_word' id='word_1_119' title='bbox 58 1870 272 1924; x_wconf 59' lang='lat' dir='ltr'><strong>antibus,</strong></span> <span class='ocrx_word' id='word_1_120' title='bbox 315 1877 497 1914; x_wconf 87' lang='lat' dir='ltr'><strong>auctum.</strong></span> <span class='ocrx_word' id='word_1_121' title='bbox 578 1871 735 1915; x_wconf 84' lang='lat' dir='ltr'><strong>Docuit</strong></span> <span class='ocrx_word' id='word_1_122' title='bbox 766 1871 860 1929; x_wconf 82' lang='lat' dir='ltr'><strong>ipsa</strong></span> <span class='ocrx_word' id='word_1_123' title='bbox 913 1880 1175 1917; x_wconf 82' lang='lat' dir='ltr'><strong>commenta-</strong></span> 
     </span>
     <span class='ocr_line' id='line_1_23' title="bbox 0 1948 1172 2006; baseline -0.001 -13"><span class='ocrx_word' id='word_1_124' title='bbox 0 1952 9 1999; x_wconf 52' lang='grc' dir='ltr'><strong>’Ξῖ</strong></span> <span class='ocrx_word' id='word_1_125' title='bbox 55 1948 143 2002; x_wconf 88' lang='lat' dir='ltr'><strong>tio,</strong></span> <span class='ocrx_word' id='word_1_126' title='bbox 172 1962 368 2006; x_wconf 88' lang='lat' dir='ltr'><strong>magnam</strong></span> <span class='ocrx_word' id='word_1_127' title='bbox 406 1948 467 2003; x_wconf 65' lang='lat' dir='ltr'><strong>in}</strong></span> <span class='ocrx_word' id='word_1_128' title='bbox 494 1949 718 1992; x_wconf 84' lang='lat' dir='ltr'><strong>tractando</strong></span> <span class='ocrx_word' id='word_1_129' title='bbox 745 1948 901 1992; x_wconf 88' lang='lat' dir='ltr'><strong>difficili</strong></span> <span class='ocrx_word' id='word_1_130' title='bbox 928 1957 1172 2006; x_wconf 81' lang='lat' dir='ltr'><strong>argumento</strong></span> 
     </span>
    </p>
   </div>
   <div class='ocr_carea' id='block_1_3' title="bbox 0 2161 1171 2312">
    <p class='ocr_par' dir='ltr' id='par_1_7' title="bbox 0 2161 1171 2312">
     <span class='ocr_line' id='line_1_24' title="bbox 0 2161 1171 2239; baseline 0.001 -17"><span class='ocrx_word' id='word_1_131' title='bbox 0 2161 13 2180; x_wconf 48' lang='lat'><strong>⁵</strong></span> <span class='ocrx_word' id='word_1_132' title='bbox 59 2192 126 2233; x_wconf 91' lang='lat' dir='ltr'><strong>se,</strong></span> <span class='ocrx_word' id='word_1_133' title='bbox 158 2186 418 2238; x_wconf 85' lang='lat' dir='ltr'><strong>quapropter</strong></span> <span class='ocrx_word' id='word_1_134' title='bbox 442 2179 618 2224; x_wconf 80' lang='lat' dir='ltr'><strong>facultas</strong></span> <span class='ocrx_word' id='word_1_135' title='bbox 643 2179 754 2224; x_wconf 87' lang='lat' dir='ltr'><strong>illum</strong></span> <span class='ocrx_word' id='word_1_136' title='bbox 782 2180 970 2239; x_wconf 83' lang='lat' dir='ltr'><strong>praemio</strong></span> <span class='ocrx_word' id='word_1_137' title='bbox 998 2180 1171 2238; x_wconf 28' lang='lat' dir='ltr'><strong>dignum*</strong></span> 
     </span>
     <span class='ocr_line' id='line_1_25' title="bbox 59 2253 271 2312; baseline -0.005 -12"><span class='ocrx_word' id='word_1_138' title='bbox 59 2253 271 2312; x_wconf 82' lang='lat' dir='ltr'><strong>judicavit.</strong></span> 
     </span>
    </p>
   </div>
  </div>
 </body>
</html>
