1487 2625
524 178 871 216 MEDICA.
1204 190 1251 226 μ

142 286 453 333 scoutetten‚
483 286 521 323 in
545 286 652 336 cujus
680 286 1007 327 observationibus
1021 286 1252 325 ventriculus

139 355 702 405 repefiebaturinflanunanone
725 367 918 404 coneptns
946 358 1027 405 (ι).
1059 357 1251 404 hdomeni,

141 426 236 465 intra
267 437 402 475 paucas
438 427 545 464 horas
561 454 573 473 ,
603 427 840 464 miserrimam
865 438 884 463 a
909 437 1051 464 veneno
1068 438 1148 464 esse
1169 428 1255 465 alla-

138 504 239 543 tam,
269 498 313 534 de
346 508 464 545 puero
496 497 623 535 retulit
648 497 962 545 Sproegelius
991 498 1074 545 (2).
1126 497 1253 535 Vitam

137 575 226 613 post
263 577 328 604 sex
361 566 439 604 dies
470 566 675 613 sublatam,
704 576 847 604 veneno
873 567 997 604 eadem
1027 567 1172 605 ratione
1194 567 1259 606 ad·

138 635 285 683 bibito,
309 636 402 674 vidit
416 635 750 684 WVepferung)
778 646 815 674 et
842 638 1054 675 schulze
1080 638 1256 685 tandem,

140 705 236 743 intra
266 718 311 743 21
342 705 420 744 dies
447 706 557 743 vitam
587 706 814 743 terminatam
848 705 992 753 fuisse,
1026 707 1258 754 animadver-

139 776 213 822 tit,
251 776 338 813 dum
364 774 536 823 autopsia
557 775 746 813 manifesta
772 775 968 814 exhibebat
994 776 1255 815 inflammatio-

142 844 201 884 nis
228 844 333 893 signa
360 845 443 893 (4).

188 914 309 953 Aliam
333 913 501 953 veneficii
535 914 714 951 rationem
736 913 836 952 sistit
858 914 1029 952 Arsenici
1058 927 1125 963 per
1149 926 1257 954 nares

144 984 315 1022 attractio
333 1013 346 1031 ‚
380 985 488 1033 cujus
521 985 669 1022 unicum
698 985 862 1022 invenire
888 986 995 1033 potui
1023 989 1258 1034 exemplum,

141 1066 218 1103 quo
254 1055 312 1093 vir
347 1055 496 1102 quidam
540 1067 584 1092 ex
633 1066 756 1092 errore
794 1054 976 1101 liquorem
1017 1056 1257 1094 arsenicalem

141 1125 213 1162 hoc
244 1126 357 1162 modo
392 1125 574 1162 hauserat.
601 1146 652 1154 —
705 1125 946 1163 stillaverunt
981 1135 1088 1163 nares
1127 1126 1262 1163 humo-

141 1182 216 1233 rem
259 1206 375 1232 acrem
393 1222 406 1240 ‚
457 1194 709 1241 subsequente
752 1194 946 1242 vertigine.
1030 1194 1261 1233 Deficiebant

142 1266 273 1304 deinde
311 1276 443 1302 sensus
479 1265 619 1302 externi
653 1274 688 1301 et
714 1265 879 1310 interni,
906 1274 941 1302 et
968 1276 1073 1313 aeger
1102 1275 1258 1313 stupore

143 1346 179 1374 et
203 1347 310 1373 coma
328 1334 567 1373 afficiebatur.
623 1334 824 1382 Loquendi
853 1334 1009 1374 facultas
1040 1337 1264 1385 impedieba-
1301 1324 1303 1326 ¹

142 1415 229 1453 tur;
271 1404 407 1443 sensim
445 1416 534 1442 vero
575 1405 743 1451 redibat,
770 1406 820 1442 ita
849 1415 912 1452 ut,
938 1405 1091 1444 infantis
1116 1407 1259 1453 instar,

143 1475 342 1514 verborum
370 1475 718 1523 pronunciationem
742 1475 929 1513 addiscere
951 1476 1073 1514 denuo
1095 1477 1256 1515 deberet.

144 1546 489 1589 Remanebat,vero
530 1545 766 1601 visushacies
805 1546 998 1584 imminuta
1033 1556 1069 1584 et
1102 1547 1262 1594 debilis,

145 1626 230 1652 cum
266 1615 425 1653 maximo
463 1615 659 1653 memoriae
699 1616 847 1654 damno.
904 1616 1262 1664 Supervenientibus

147 1686 290 1724 tandem
336 1686 671 1733 convulsionibus‚
715 1698 782 1734 per
827 1685 927 1724 vices
969 1686 1231 1736 invadentibus
1248 1716 1261 1735 ‚

147 1758 241 1796 intra
266 1757 457 1795 biennium
485 1757 580 1794 obiit
605 1759 688 1807 (5).

199 1829 298 1866 Haec
323 1828 368 1866 de
393 1827 510 1875 signis
536 1827 784 1876 pathologicis
800 1856 813 1875 ,
851 1827 1034 1866 Arsenico
1059 1828 1173 1876 capiti
1201 1829 1288 1866 ad-⁴

149 1907 253 1937 moto
269 1926 283 1946 ,
310 1898 407 1936 dicta
432 1905 562 1935 sunto.

1147 1971 1185 2017 §.
1203 1980 1263 2008 12.

187 2034 249 2079 (1)
269 2037 446 2076 Froriep
462 2058 471 2075 ‚
501 2039 583 2068 Not.
598 2049 631 2068 u.
645 2048 672 2067 s.
687 2048 726 2066 w.
755 2037 790 2068 B.
807 2036 943 2066 XXIX.
964 2047 999 2075 p.
1017 2047 1087 2068 ιη,

185 2093 239 2132 (2)
263 2091 317 2124 Cf.
336 2090 579 2131 Morgagni,
602 2091 626 2120 l.
647 2101 676 2121 c.
697 2092 810 2132 Epist.
831 2089 908 2120 LV.
933 2091 1007 2122 Art.
1021 2100 1072 2123 12.
1092 2102 1126 2131 p.
1143 2091 1213 2123 153.

189 2145 237 2186 (3)
260 2145 284 2175 1.
307 2156 337 2175 c.
1163 2150 1166 2153 ’

187 2198 236 2238 (4)
262 2196 478 2228 Hufeland
495 2198 553 2235 ,1.
574 2208 606 2228 c.
626 2208 659 2236 p.
683 2207 759 2228 102.
781 2208 850 2237 seq.

185 2251 238 2292 (5)
262 2252 403 2283 Miscell.
427 2253 510 2283 Nat.
535 2253 662 2282 Curios.
684 2252 766 2282 Dec.
790 2251 855 2283 ΙΙΙ.
893 2251 988 2283 Anno
1009 2262 1028 2293 9
1050 2255 1083 2283 et
1104 2261 1156 2283 ιο.
1191 2253 1269 2284 oh-

147 2314 230 2339 serv.
246 2315 314 2337 220·
