<?xml version="1.0" encoding="UTF-8"?>
<!DOCTYPE html PUBLIC "-//W3C//DTD XHTML 1.0 Transitional//EN"
    "http://www.w3.org/TR/xhtml1/DTD/xhtml1-transitional.dtd">
<html xmlns="http://www.w3.org/1999/xhtml" xml:lang="en" lang="en">
 <head>
  <title>
</title>
<meta http-equiv="Content-Type" content="text/html;charset=utf-8" />
  <meta name='ocr-system' content='tesseract 3.04.00' />
  <meta name='ocr-capabilities' content='ocr_page ocr_carea ocr_par ocr_line ocrx_word'/>
</head>
<body>
  <div class='ocr_page' id='page_1' title='image "annalesacademiae35rhen_0090.png"; bbox 0 0 1487 2625; ppageno 0'>
   <div class='ocr_carea' id='block_1_1' title="bbox 209 128 1145 178">
    <p class='ocr_par' dir='ltr' id='par_1_1' title="bbox 209 128 1145 178">
     <span class='ocr_line' id='line_1_1' title="bbox 209 128 1145 178; baseline 0.006 -6"><span class='ocrx_word' id='word_1_1' title='bbox 209 128 268 172; x_wconf 66' lang='lat'>[26</span> <span class='ocrx_word' id='word_1_2' title='bbox 456 130 594 174; x_wconf 76' lang='lat' dir='ltr'><strong>ADR.</strong></span> <span class='ocrx_word' id='word_1_3' title='bbox 630 130 798 175; x_wconf 86' lang='lat' dir='ltr'><strong>CATH.</strong></span> <span class='ocrx_word' id='word_1_4' title='bbox 830 131 1091 178; x_wconf 80' lang='lat' dir='ltr'>HOLTIUS</span> <span class='ocrx_word' id='word_1_5' title='bbox 1142 136 1145 139; x_wconf 80' lang='grc'><strong>“</strong></span> 
     </span>
    </p>
   </div>
   <div class='ocr_carea' id='block_1_2' title="bbox 150 263 1323 777">
    <p class='ocr_par' dir='ltr' id='par_1_2' title="bbox 150 263 1323 777">
     <span class='ocr_line' id='line_1_2' title="bbox 150 263 1322 323; baseline 0.004 -18"><span class='ocrx_word' id='word_1_6' title='bbox 150 264 151 267; x_wconf 76' lang='grc'>’</span> <span class='ocrx_word' id='word_1_7' title='bbox 208 263 383 307; x_wconf 86' lang='lat' dir='ltr'>Bonnae</span> <span class='ocrx_word' id='word_1_8' title='bbox 417 264 556 308; x_wconf 82' lang='lat' dir='ltr'>sedem</span> <span class='ocrx_word' id='word_1_9' title='bbox 586 264 738 319; x_wconf 87' lang='lat' dir='ltr'>habet,</span> <span class='ocrx_word' id='word_1_10' title='bbox 773 279 906 323; x_wconf 90' lang='lat' dir='ltr'>eoque</span> <span class='ocrx_word' id='word_1_11' title='bbox 925 266 1095 323; x_wconf 85' lang='lat' dir='ltr'>jubente</span> <span class='ocrx_word' id='word_1_12' title='bbox 1119 266 1322 311; x_wconf 88' lang='lat' dir='ltr'>collecto-</span> 
     </span>
     <span class='ocr_line' id='line_1_3' title="bbox 207 340 1323 398; baseline 0.004 -15"><span class='ocrx_word' id='word_1_13' title='bbox 207 355 300 383; x_wconf 86' lang='lat' dir='ltr'>rum</span> <span class='ocrx_word' id='word_1_14' title='bbox 316 357 327 395; x_wconf 73' lang='lat'><em>3</em></span> <span class='ocrx_word' id='word_1_15' title='bbox 356 341 471 384; x_wconf 87' lang='lat' dir='ltr'>cuius</span> <span class='ocrx_word' id='word_1_16' title='bbox 499 340 670 398; x_wconf 80' lang='lat' dir='ltr'>Collegii</span> <span class='ocrx_word' id='word_1_17' title='bbox 697 341 952 386; x_wconf 84' lang='lat' dir='ltr'>humanitate</span> <span class='ocrx_word' id='word_1_18' title='bbox 984 343 1137 386; x_wconf 87' lang='lat' dir='ltr'>factum</span> <span class='ocrx_word' id='word_1_19' title='bbox 1167 349 1250 396; x_wconf 84' lang='lat' dir='ltr'>est,</span> <span class='ocrx_word' id='word_1_20' title='bbox 1276 350 1323 387; x_wconf 88' lang='lat' dir='ltr'>ut</span> 
     </span>
     <span class='ocr_line' id='line_1_4' title="bbox 209 416 1321 479; baseline 0.004 -20"><span class='ocrx_word' id='word_1_21' title='bbox 209 416 307 460; x_wconf 84' lang='lat' dir='ltr'>viris</span> <span class='ocrx_word' id='word_1_22' title='bbox 336 417 470 461; x_wconf 89' lang='lat' dir='ltr'>doctis</span> <span class='ocrx_word' id='word_1_23' title='bbox 501 418 815 476; x_wconf 80' lang='lat' dir='ltr'>Mineralogiam</span> <span class='ocrx_word' id='word_1_24' title='bbox 846 426 884 462; x_wconf 91' lang='lat' dir='ltr'>et</span> <span class='ocrx_word' id='word_1_25' title='bbox 915 419 1156 477; x_wconf 79' lang='lat' dir='ltr'>Geologiam</span> <span class='ocrx_word' id='word_1_26' title='bbox 1180 420 1321 479; x_wconf 20' lang='lat' dir='ltr'>&#39;profi-</span> 
     </span>
     <span class='ocr_line' id='line_1_5' title="bbox 207 494 1321 551; baseline 0.004 -14"><span class='ocrx_word' id='word_1_27' title='bbox 207 494 412 546; x_wconf 87' lang='lat' dir='ltr'>tentibus,</span> <span class='ocrx_word' id='word_1_28' title='bbox 442 494 511 551; x_wconf 88' lang='lat' dir='ltr'>qui</span> <span class='ocrx_word' id='word_1_29' title='bbox 539 495 758 539; x_wconf 88' lang='lat' dir='ltr'>conventui</span> <span class='ocrx_word' id='word_1_30' title='bbox 773 496 998 540; x_wconf 83' lang='lat' dir='ltr'>novissimo</span> <span class='ocrx_word' id='word_1_31' title='bbox 1015 498 1321 541; x_wconf 86' lang='lat' dir='ltr'>Germanorum</span> 
     </span>
     <span class='ocr_line' id='line_1_6' title="bbox 209 570 1318 632; baseline 0.005 -20"><span class='ocrx_word' id='word_1_32' title='bbox 209 570 485 628; x_wconf 74' lang='lat' dir='ltr'>physicorum</span> <span class='ocrx_word' id='word_1_33' title='bbox 517 579 555 614; x_wconf 91' lang='lat' dir='ltr'>et</span> <span class='ocrx_word' id='word_1_34' title='bbox 586 572 845 616; x_wconf 87' lang='lat' dir='ltr'>Medicorum</span> <span class='ocrx_word' id='word_1_35' title='bbox 863 605 874 625; x_wconf 86' lang='lat'>,</span> <span class='ocrx_word' id='word_1_36' title='bbox 901 587 1044 617; x_wconf 88' lang='lat' dir='ltr'>mense</span> <span class='ocrx_word' id='word_1_37' title='bbox 1059 573 1318 632; x_wconf 85' lang='lat' dir='ltr'><strong>Septembri,</strong></span> 
     </span>
     <span class='ocr_line' id='line_1_7' title="bbox 208 646 1321 708; baseline 0.004 -19"><span class='ocrx_word' id='word_1_38' title='bbox 208 646 479 701; x_wconf 83' lang='lat' dir='ltr'>interessent,</span> <span class='ocrx_word' id='word_1_39' title='bbox 507 648 743 692; x_wconf 88' lang='lat' dir='ltr'>huiusmodi</span> <span class='ocrx_word' id='word_1_40' title='bbox 767 649 1020 708; x_wconf 83' lang='lat' dir='ltr'>specimina,</span> <span class='ocrx_word' id='word_1_41' title='bbox 1048 665 1200 708; x_wconf 83' lang='lat' dir='ltr'>magna</span> <span class='ocrx_word' id='word_1_42' title='bbox 1225 664 1321 696; x_wconf 87' lang='lat' dir='ltr'>cum</span> 
     </span>
     <span class='ocr_line' id='line_1_8' title="bbox 208 723 868 777; baseline 0.006 -11"><span class='ocrx_word' id='word_1_43' title='bbox 208 723 454 768; x_wconf 83' lang='lat' dir='ltr'>liberalitate</span> <span class='ocrx_word' id='word_1_44' title='bbox 468 756 479 777; x_wconf 87' lang='lat'>,</span> <span class='ocrx_word' id='word_1_45' title='bbox 509 725 868 770; x_wconf 81' lang='lat' dir='ltr'>distribuerentur.</span> 
     </span>
    </p>
   </div>
   <div class='ocr_carea' id='block_1_3' title="bbox 207 876 1323 1844">
    <p class='ocr_par' dir='ltr' id='par_1_3' title="bbox 207 876 1322 1551">
     <span class='ocr_line' id='line_1_9' title="bbox 267 876 1322 941; baseline 0.007 -21"><span class='ocrx_word' id='word_1_46' title='bbox 267 876 333 920; x_wconf 90' lang='lat' dir='ltr'>Eo</span> <span class='ocrx_word' id='word_1_47' title='bbox 374 878 460 921; x_wconf 87' lang='lat' dir='ltr'>sere</span> <span class='ocrx_word' id='word_1_48' title='bbox 498 885 607 922; x_wconf 86' lang='lat' dir='ltr'>statu</span> <span class='ocrx_word' id='word_1_49' title='bbox 648 878 882 934; x_wconf 87' lang='lat' dir='ltr'>habentur,</span> <span class='ocrx_word' id='word_1_50' title='bbox 923 882 1176 936; x_wconf 88' lang='lat' dir='ltr'>Auditores‚</span> <span class='ocrx_word' id='word_1_51' title='bbox 1219 896 1322 941; x_wconf 83' lang='lat' dir='ltr'>opes</span> 
     </span>
     <span class='ocr_line' id='line_1_10' title="bbox 209 955 1320 1013; baseline 0.006 -17"><span class='ocrx_word' id='word_1_52' title='bbox 209 960 379 997; x_wconf 83' lang='lat' dir='ltr'>nostrae</span> <span class='ocrx_word' id='word_1_53' title='bbox 413 955 697 1000; x_wconf 77' lang='lat' dir='ltr'>academicae:</span> <span class='ocrx_word' id='word_1_54' title='bbox 722 957 822 1000; x_wconf 84' lang='lat' dir='ltr'>nihil</span> <span class='ocrx_word' id='word_1_55' title='bbox 839 958 1002 1002; x_wconf 85' lang='lat' dir='ltr'>decedit</span> <span class='ocrx_word' id='word_1_56' title='bbox 1020 991 1032 1013; x_wconf 90' lang='lat'>‚</span> <span class='ocrx_word' id='word_1_57' title='bbox 1048 958 1210 1003; x_wconf 85' lang='lat' dir='ltr'>accedit</span> <span class='ocrx_word' id='word_1_58' title='bbox 1222 973 1320 1004; x_wconf 88' lang='lat' dir='ltr'>vero</span> 
     </span>
     <span class='ocr_line' id='line_1_11' title="bbox 212 1032 1320 1091; baseline 0.005 -18"><span class='ocrx_word' id='word_1_59' title='bbox 212 1032 436 1087; x_wconf 82' lang='lat' dir='ltr'>quotannis</span> <span class='ocrx_word' id='word_1_60' title='bbox 468 1032 635 1089; x_wconf 83' lang='lat' dir='ltr'>aliquid.</span> <span class='ocrx_word' id='word_1_61' title='bbox 701 1034 864 1091; x_wconf 75' lang='lat' dir='ltr'>Quodsi</span> <span class='ocrx_word' id='word_1_62' title='bbox 891 1034 974 1078; x_wconf 90' lang='lat' dir='ltr'>hoc</span> <span class='ocrx_word' id='word_1_63' title='bbox 1000 1035 1166 1079; x_wconf 89' lang='lat' dir='ltr'>nomine</span> <span class='ocrx_word' id='word_1_64' title='bbox 1188 1049 1320 1079; x_wconf 84' lang='lat' dir='ltr'>annus</span> 
     </span>
     <span class='ocr_line' id='line_1_12' title="bbox 208 1109 1320 1168; baseline 0.005 -18"><span class='ocrx_word' id='word_1_65' title='bbox 208 1122 325 1151; x_wconf 88' lang='lat' dir='ltr'>meus</span> <span class='ocrx_word' id='word_1_66' title='bbox 365 1109 489 1152; x_wconf 83' lang='lat' dir='ltr'>suerit</span> <span class='ocrx_word' id='word_1_67' title='bbox 526 1109 730 1167; x_wconf 83' lang='lat' dir='ltr'>superiori</span> <span class='ocrx_word' id='word_1_68' title='bbox 778 1110 990 1168; x_wconf 86' lang='lat' dir='ltr'>aliquanto</span> <span class='ocrx_word' id='word_1_69' title='bbox 1041 1111 1320 1167; x_wconf 83' lang='lat' dir='ltr'>fructuosior,</span> 
     </span>
     <span class='ocr_line' id='line_1_13' title="bbox 207 1178 1322 1245; baseline 0.004 -19"><span class='ocrx_word' id='word_1_70' title='bbox 207 1183 329 1228; x_wconf 85' lang='lat' dir='ltr'>huius</span> <span class='ocrx_word' id='word_1_71' title='bbox 358 1185 589 1229; x_wconf 76' lang='lat' dir='ltr'>ubertatem</span> <span class='ocrx_word' id='word_1_72' title='bbox 616 1188 794 1231; x_wconf 84' lang='lat' dir='ltr'>sortasse</span> <span class='ocrx_word' id='word_1_73' title='bbox 830 1188 951 1245; x_wconf 82' lang='lat' dir='ltr'>longe</span> <span class='ocrx_word' id='word_1_74' title='bbox 990 1188 1205 1245; x_wconf 87' lang='lat' dir='ltr'>superabit</span> <span class='ocrx_word' id='word_1_75' title='bbox 1240 1178 1322 1231; x_wconf 83' lang='lat' dir='ltr'>an-</span> 
     </span>
     <span class='ocr_line' id='line_1_14' title="bbox 208 1262 1322 1323; baseline 0.005 -20"><span class='ocrx_word' id='word_1_76' title='bbox 208 1274 286 1304; x_wconf 88' lang='lat' dir='ltr'>nus</span> <span class='ocrx_word' id='word_1_77' title='bbox 314 1262 492 1305; x_wconf 84' lang='lat' dir='ltr'>veniens.</span> <span class='ocrx_word' id='word_1_78' title='bbox 564 1263 630 1306; x_wconf 70' lang='lat' dir='ltr'>De</span> <span class='ocrx_word' id='word_1_79' title='bbox 662 1279 743 1320; x_wconf 87' lang='lat' dir='ltr'>qua</span> <span class='ocrx_word' id='word_1_80' title='bbox 775 1271 913 1308; x_wconf 85' lang='lat' dir='ltr'>tamen</span> <span class='ocrx_word' id='word_1_81' title='bbox 944 1278 1019 1323; x_wconf 88' lang='lat' dir='ltr'>spe</span> <span class='ocrx_word' id='word_1_82' title='bbox 1048 1271 1234 1322; x_wconf 84' lang='lat' dir='ltr'>praestat</span> <span class='ocrx_word' id='word_1_83' title='bbox 1260 1264 1322 1308; x_wconf 90' lang='lat' dir='ltr'>si-</span> 
     </span>
     <span class='ocr_line' id='line_1_15' title="bbox 208 1338 1319 1399; baseline 0.004 -19"><span class='ocrx_word' id='word_1_84' title='bbox 208 1338 293 1382; x_wconf 83' lang='lat' dir='ltr'>lere</span> <span class='ocrx_word' id='word_1_85' title='bbox 322 1339 419 1382; x_wconf 78' lang='lat' dir='ltr'>duni</span> <span class='ocrx_word' id='word_1_86' title='bbox 449 1355 493 1383; x_wconf 88' lang='lat' dir='ltr'>se</span> <span class='ocrx_word' id='word_1_87' title='bbox 514 1355 580 1384; x_wconf 83' lang='lat' dir='ltr'>res</span> <span class='ocrx_word' id='word_1_88' title='bbox 608 1341 780 1399; x_wconf 84' lang='lat' dir='ltr'>aperiat.</span> <span class='ocrx_word' id='word_1_89' title='bbox 844 1341 979 1398; x_wconf 81' lang='lat' dir='ltr'>Urget</span> <span class='ocrx_word' id='word_1_90' title='bbox 999 1355 1168 1398; x_wconf 87' lang='lat' dir='ltr'>quoque</span> <span class='ocrx_word' id='word_1_91' title='bbox 1189 1340 1319 1394; x_wconf 86' lang='lat' dir='ltr'>hora,</span> 
     </span>
     <span class='ocr_line' id='line_1_16' title="bbox 207 1416 1322 1476; baseline 0.004 -19"><span class='ocrx_word' id='word_1_92' title='bbox 207 1423 253 1458; x_wconf 90' lang='lat' dir='ltr'>ut</span> <span class='ocrx_word' id='word_1_93' title='bbox 285 1416 411 1459; x_wconf 72' lang='lat' dir='ltr'>officii</span> <span class='ocrx_word' id='word_1_94' title='bbox 444 1424 593 1474; x_wconf 75' lang='lat' dir='ltr'>parte,</span> <span class='ocrx_word' id='word_1_95' title='bbox 628 1417 679 1461; x_wconf 88' lang='lat' dir='ltr'>de</span> <span class='ocrx_word' id='word_1_96' title='bbox 717 1433 800 1475; x_wconf 87' lang='lat' dir='ltr'>qua</span> <span class='ocrx_word' id='word_1_97' title='bbox 834 1417 972 1473; x_wconf 67' lang='lat' dir='ltr'>dicere</span> <span class='ocrx_word' id='word_1_98' title='bbox 1011 1418 1131 1476; x_wconf 89' lang='lat' dir='ltr'>coepi</span> <span class='ocrx_word' id='word_1_99' title='bbox 1169 1418 1322 1470; x_wconf 78' lang='lat' dir='ltr'>defun-</span> 
     </span>
     <span class='ocr_line' id='line_1_17' title="bbox 210 1497 917 1551; baseline 0.003 -14"><span class='ocrx_word' id='word_1_100' title='bbox 210 1508 298 1551; x_wconf 83' lang='lat' dir='ltr'>gar.</span> <span class='ocrx_word' id='word_1_101' title='bbox 915 1497 917 1499; x_wconf 77' lang='grc'><strong>’</strong></span> 
     </span>
    </p>

    <p class='ocr_par' dir='ltr' id='par_1_4' title="bbox 211 1571 1323 1844">
     <span class='ocr_line' id='line_1_18' title="bbox 268 1571 1321 1630; baseline 0.001 -16"><span class='ocrx_word' id='word_1_102' title='bbox 268 1571 458 1630; x_wconf 80' lang='lat' dir='ltr'>Accipite</span> <span class='ocrx_word' id='word_1_103' title='bbox 491 1572 616 1629; x_wconf 82' lang='lat' dir='ltr'>igitur</span> <span class='ocrx_word' id='word_1_104' title='bbox 654 1572 805 1616; x_wconf 88' lang='lat' dir='ltr'>iudicia</span> <span class='ocrx_word' id='word_1_105' title='bbox 842 1572 892 1616; x_wconf 91' lang='lat' dir='ltr'>de</span> <span class='ocrx_word' id='word_1_106' title='bbox 921 1572 1144 1616; x_wconf 87' lang='lat' dir='ltr'>certamine</span> <span class='ocrx_word' id='word_1_107' title='bbox 1175 1572 1321 1616; x_wconf 83' lang='lat' dir='ltr'>litera-</span> 
     </span>
     <span class='ocr_line' id='line_1_19' title="bbox 211 1646 1321 1708; baseline 0.003 -18"><span class='ocrx_word' id='word_1_108' title='bbox 211 1646 301 1700; x_wconf 88' lang='lat' dir='ltr'>rio,</span> <span class='ocrx_word' id='word_1_109' title='bbox 339 1663 445 1704; x_wconf 87' lang='lat' dir='ltr'>quae</span> <span class='ocrx_word' id='word_1_110' title='bbox 483 1649 603 1692; x_wconf 89' lang='lat' dir='ltr'>vobis</span> <span class='ocrx_word' id='word_1_111' title='bbox 643 1649 694 1693; x_wconf 88' lang='lat' dir='ltr'>cl.</span> <span class='ocrx_word' id='word_1_112' title='bbox 744 1649 980 1693; x_wconf 84' lang='lat' dir='ltr'>aeademiae</span> <span class='ocrx_word' id='word_1_113' title='bbox 1020 1648 1321 1708; x_wconf 77' lang='lat' dir='ltr'>Gmphiarius,</span> 
     </span>
     <span class='ocr_line' id='line_1_20' title="bbox 212 1725 1323 1783; baseline 0.003 -17"><span class='ocrx_word' id='word_1_114' title='bbox 212 1739 326 1768; x_wconf 76' lang='lat' dir='ltr'>meae</span> <span class='ocrx_word' id='word_1_115' title='bbox 354 1725 606 1770; x_wconf 73' lang='lat' dir='ltr'>subsidentis</span> <span class='ocrx_word' id='word_1_116' title='bbox 640 1726 754 1770; x_wconf 84' lang='lat' dir='ltr'>vocis</span> <span class='ocrx_word' id='word_1_117' title='bbox 783 1726 983 1771; x_wconf 86' lang='lat' dir='ltr'>levandae</span> <span class='ocrx_word' id='word_1_118' title='bbox 1018 1725 1177 1783; x_wconf 80' lang='lat' dir='ltr'>gratia,</span> <span class='ocrx_word' id='word_1_119' title='bbox 1212 1725 1323 1770; x_wconf 87' lang='lat' dir='ltr'>reci-</span> 
     </span>
     <span class='ocr_line' id='line_1_21' title="bbox 212 1801 329 1844; baseline 0 0"><span class='ocrx_word' id='word_1_120' title='bbox 212 1801 329 1844; x_wconf 80' lang='lat' dir='ltr'>tabit.</span> 
     </span>
    </p>
   </div>
   <div class='ocr_carea' id='block_1_4' title="bbox 1463 893 1487 2625">
    <p class='ocr_par' dir='ltr' id='par_1_5' title="bbox 1463 893 1487 2625">
     <span class='ocr_line' id='line_1_22' title="bbox 1463 893 1487 2625; baseline 0 0"><span class='ocrx_word' id='word_1_121' title='bbox 1463 893 1487 2625; x_wconf 95' lang='lat' dir='ltr'> </span> 
     </span>
    </p>
   </div>
  </div>
 </body>
</html>
