1487 2625
367 169 998 222 TH-EOLOGICA.»
1166 180 1213 221 87

110 290 191 318 esse
216 280 315 317 Deos
342 280 549 317 crediderit.
617 281 711 318 Nam
751 293 833 318 cum
870 293 909 319 ea
947 283 1122 320 sentiendi
1157 296 1219 335 ra·2

105 347 207 390 tione
232 349 339 396 plane
365 350 561 396 congruit,
597 350 699 395 quod
725 361 798 386 non
829 362 896 386 razn
926 350 1208 397 phitosophare-

102 425 164 454 tur
200 417 245 455 de
276 428 435 467 persona
468 418 616 464 divina,
655 429 762 464 quam
803 420 847 455 de
882 422 920 456 vi
951 431 992 456 ac
1019 421 1207 457 voluntate

99 486 237 525 divina.
301 486 542 534 Inquirehat,
586 487 674 535 quid
708 487 870 524 divinum
909 489 1057 544 Numen
1085 490 1205 527 homi-

95 558 208 596 nibus
235 557 409 605 praebere
432 557 550 603 velit,
581 557 668 604 quid
695 557 739 594 ab
770 557 980 594 hominibus
1008 561 1200 607 postulet3

95 637 184 664 num
221 627 309 664 haec
346 627 402 664 vis
437 635 473 664 et
507 627 594 664 haec
632 629 803 664 voluntas
841 628 1009 674 pluribus
1037 640 1205 677 commu-v

94 694 153 733 nis
175 704 298 742 esset,
328 707 373 733 an
400 708 487 734 vero
515 698 576 733 uni
606 706 748 733 tantum
775 709 955 744 personae
983 698 1173 736 tribuenda
1186 680 1204 745 ',

46 788 49 789 ν
92 764 164 803 hoc
191 764 349 803 fortasse
377 765 497 803 minus
524 767 702 813 curabat3
731 767 924 813 adeoque,
956 780 1070 815 quum
1099 768 1203 805 vide-

91 841 172 880 ret,
200 835 245 871 ab
274 835 449 872 omnibus
476 846 658 882 receptam
696 847 775 873 esse
801 837 1016 874 sententiam
1046 838 1089 874 de
1117 839 1215 885 plus
1244 873 1247 877 .

93 902 197 940 ribus
232 903 344 949 Diis,
384 904 476 943 hanc
511 904 616 942 facile
651 905 845 952 suscepit,
881 915 915 943 et
943 905 1136 953 diligenter
1161 907 1199 944 in

90 983 166 1009 eam
195 972 380 1020 inquirere
402 974 581 1021 neglexit.

137 1042 181 1079 In
204 1044 357 1080 notione
382 1051 530 1089 autem,
566 1054 672 1090 quam
702 1044 926 1080 Socrates
955 1044 1026 1081 sibi
1054 1044 1199 1082 divinae

87 1112 460 1162 naturaeinformavit
476 1140 488 1158 ‚
517 1113 758 1159 exponenda,
787 1113 1042 1159 gravissimum
1057 1115 1197 1161 aliquid
1216 1152 1218 1155 ,

88 1190 273 1229 superest.
319 1181 426 1230 Quae
452 1180 649 1226 hucusque
674 1181 980 1226 disquisivimus,
1009 1193 1095 1218 num
1120 1195 1198 1219 ma-

89 1251 236 1287 cerialis
270 1250 320 1286 sit
356 1261 422 1287 nec
450 1261 522 1294 ne,
564 1260 650 1286 num
680 1252 745 1286 um'
765 1260 809 1286 an
825 1251 999 1299 pluribus
1030 1251 1198 1298 personis

89 1319 262 1367 propria:
301 1319 386 1356 haec
414 1319 457 1355 ad
482 1326 666 1356 externam
695 1318 809 1365 magis
837 1319 907 1355 Dei
933 1327 1095 1367 naturam
1113 1331 1196 1366 per-

89 1388 221 1427 tinent.
275 1388 418 1426 Oculos
458 1397 673 1424 convertere
709 1388 883 1424 debemus
910 1389 955 1425 ad
983 1389 1194 1429 Socratis

87 1459 287 1495 sententias
327 1458 370 1494 de
397 1456 563 1494 interiori
591 1441 657 1493 Dei
686 1466 837 1503 natura3
880 1467 915 1493 et
957 1468 1031 1493 tum
1059 1459 1214 1506 reperi2

87 1538 194 1574 mus,
241 1526 482 1565 Socratem
517 1527 635 1564 Deum
671 1525 740 1561 sibi
785 1537 1013 1573 proponere,
1056 1537 1095 1565 ut
1133 1541 1214 1570 ens,

87 1597 273 1634 rationale
298 1605 332 1633 et
359 1596 511 1633 morale.
568 1595 672 1644 Quae
700 1594 767 1632 Dei
792 1595 895 1631 notio
925 1595 966 1640 in,
987 1597 1086 1633 omni
1112 1598 1192 1646 ejus

87 1665 254 1707 doctrina
281 1665 504 1706 xdominatur
522 1692 534 1710 ,
580 1673 616 1700 ct
653 1664 783 1712 partim
812 1665 945 1701 diserte
968 1666 1011 1702 ab
1038 1677 1081 1702 eo
1108 1678 1213 1713 pro-¹

87 1736 254 1773 nuntiata
283 1744 359 1780 est.¹
409 1736 502 1772 Nam
527 1736 656 1780 Deus,
696 1746 713 1770 e
742 1734 824 1771 Soc
837 1735 956 1785 ratis
985 1736 1215 1787 sententia„

86 1805 124 1842 in
152 1805 289 1842 mundo
328 1804 530 1841 ordinando
559 1815 593 1840 et
621 1805 778 1851 regendo
806 1804 875 1841 sibi
898 1805 1007 1847 finem
1035 1807 1189 1851 aliquem

85 1873 290 1921 proponit,
328 1882 363 1910 et
403 1885 483 1910 eum
519 1874 694 1920 quidem,
742 1883 783 1910 ut
817 1874 1029 1910 hominibus
1070 1875 1191 1913 omnia

86 1944 225 1990 optime
261 1942 487 1987 inserviant,
516 1942 682 1989 adeoque
717 1943 871 1979 habetur
911 1952 1037 1980 natura
1073 1947 1191 1981 ratio·

86 2012 210 2057 nalis,
246 2023 337 2058 quae
365 2013 564 2048 secundum
592 2012 707 2056 fines,
746 2013 886 2048 ratione
911 2024 976 2049 sua
1001 2012 1071 2049 sibi
1101 2025 1191 2050 con-

86 2080 267 2127 stitutos,
314 2081 402 2128 agit.
482 2080 563 2117 Hos
600 2079 691 2117 fines
729 2080 952 2118 Socrates
990 2081 1028 2118 in
1070 2093 1187 2119 rerum

87 2159 215 2188 natura
240 2149 492 2201 nianiFestatos
519 2150 712 2195 cernebat,
746 2159 780 2186 et
808 2161 993 2206 exponere
1017 2152 1160 2188 solebat
1176 2180 1190 2199 2

87 2230 194 2266 quam
220 2221 483 2257 convenienter
509 2219 566 2257 his
594 2218 754 2265 finibus,
781 2220 815 2255 id
839 2229 923 2266 est,
953 2232 1059 2267 quam
1094 2225 1190 2271 sapi-

1130 2304 1192 2326 (Ἤ-ἢ
