1487 2625
468 216 883 258 CHEMICA.
1174 216 1221 253 61

165 329 304 370 Resina
337 329 444 378 copal
473 327 606 376 (Rbus
633 325 881 376 copallinum)
907 326 945 364 in
973 324 1145 364 tumescit
1183 324 1222 362 in

114 400 334 448 Creosoto‚
360 398 449 438 dum
476 409 560 448 pars
592 398 671 448 ejus
705 396 880 437 solvitur.
930 395 1032 435 Haec
1056 393 1224 433 materies

115 470 257 510 tumida
282 471 316 508 si
348 470 462 508 calori
489 468 715 517 exponitur,
743 467 829 506 inde
863 477 942 505 non
977 465 1146 504 funditur
1176 476 1223 503 ne

118 541 269 590 quidem
315 541 360 581 ad
394 542 487 589 203⁰
514 540 671 579 Therm.
693 538 849 587 centigr-

167 611 320 651 Gummi
358 619 484 659 guttae
514 608 727 659 (cambogia
764 607 892 657 gutta)
919 615 1113 656 tantopere
1144 617 1227 645 mu-

118 688 218 720 tatur
261 682 412 729 colore,
452 689 493 718 ut
531 678 673 718 solutio
718 689 859 718 aureo·
879 677 973 717 flava
1007 676 1099 726 fiat,
1138 678 1228 716 dum

116 751 236 789 resina
252 779 265 798 ‚
293 749 448 791 formam
482 761 584 790 suam
618 759 844 789 conservans
861 776 875 795 ,
901 747 1086 796 pellucida
1123 746 1166 786 fit
1191 755 1228 785 et

119 821 334 871 gelatinosa.

602 956 639 1004 §.
698 968 761 995 10.

170 1096 231 1134 De
267 1095 430 1134 Creosoti
461 1096 642 1135 relatione
677 1097 732 1137 ad.
767 1109 811 1135 ea
843 1109 1024 1149 corpora,
1051 1097 1181 1148 quibus

221 1165 429 1220 singularis
451 1165 544 1204 telas
589 1166 781 1204 colorandi
810 1169 981 1219 competit
1005 1171 1104 1207 actio
1121 1196 1134 1214 ‚

272 1237 439 1284 quamvis
482 1237 614 1275 ceteris
654 1236 754 1275 nobis
789 1238 957 1276 chemicis
996 1251 1020 1276 a
1048 1251 1083 1277 se

493 1308 647 1344 invicem
680 1306 876 1357 differant.

174 1436 326 1485 Indigo,
354 1436 391 1474 in
411 1444 587 1474 contactu
612 1448 695 1474 cum
718 1438 907 1477 Creosoto
923 1466 936 1487 ,
951 1439 1055 1486 quod
1073 1440 1236 1478 eamdem

124 1502 235 1544 habe't
273 1514 551 1553 temperaturam
594 1518 635 1544 ac
676 1510 738 1545 aer
776 1508 1151 1558 athmosphaericus,
1190 1509 1235 1549 fit

126 1576 271 1623 mollis-3
299 1575 441 1614 solutio
469 1587 546 1614 non
573 1575 748 1614 absorbet
784 1578 969 1616 materiem
990 1579 1236 1626 colorantem,

125 1646 191 1684 sed
234 1654 360 1683 natant
404 1645 443 1684 in
475 1632 676 1684 'solutioae
724 1646 925 1695 particulae
973 1649 1237 1697 tenuissimae,

56 1746 67 1751 -
127 1727 223 1765 quae
257 1727 333 1753 eam
376 1715 636 1764 inpellucidam
682 1717 841 1756 reddunt
888 1729 972 1756 cum
1005 1719 1238 1767 nigrescente

126 1787 266 1824 colore.
318 1786 572 1834 Creosotum‚
598 1795 704 1824 antea
734 1785 981 1836 calefactum,
1017 1800 1239 1838 opaco-coe·

127 1856 269 1893 ruleum
304 1855 438 1903 accipit
481 1857 668 1903 colorem,
724 1857 810 1895 dum
853 1859 1019 1896 materies
1064 1861 1237 1898 colorans

126 1924 302 1962 solvitur.
357 1923 507 1972 Optime
534 1925 621 1964 haec
643 1927 813 1974 operatio.
853 1927 1094 1976 instituitur,
1124 1941 1240 1977 quan-

126 1996 199 2041 do,
229 1994 382 2042 indigo,
415 1994 573 2043 primum
608 1996 649 2033 in
689 1997 877 2044 pulverem
906 1996 1092 2035 redactum
1112 2027 1124 2045 ,
1150 2010 1234 2037 cum

127 2064 316 2102 Creosoto
345 2063 516 2112 calefiam
560 2065 746 2104 Creosoto
782 2074 863 2104 tum
890 2065 1085 2105 identidem
1118 2067 1239 2106 effun-

127 2134 273 2181 dendo,
302 2134 437 2172 recenti
463 2143 584 2172 autem
611 2135 800 2174 Creosoto
823 2134 1045 2175 affundendo
1061 2165 1074 2184 ‚
1102 2138 1240 2186 primae

129 2192 337 2241 solutiones
371 2203 627 2242 rubescentem
662 2205 825 2242 colorem
862 2205 1027 2253 habent,
1065 2218 1106 2245 ac
1147 2210 1239 2255 qua·

133 2272 190 2311 vis
220 2274 433 2320 operatione
472 2275 681 2314 coeruleum
718 2276 877 2314 colorem
914 2276 1100 2325 accipiunt
1138 2277 1239 2315 iden—

1195 2356 1242 2383 ti-
