1487 2625
296 228 341 265 28
512 200 1222 265 COMMENTATIO-

293 333 396 371 malis
433 333 477 370 ad
512 333 650 380 instar,
691 333 893 384 abripiatur
917 332 1203 383 cupiditatibus,
1257 344 1298 374 ut
1338 335 1402 384 id,

291 403 394 451 quod
423 413 509 440 vere
546 402 636 440 utile
669 411 748 448 est,
800 411 1002 450 postponat
1037 403 1093 450 ei,
1133 403 1235 451 quod
1279 406 1402 443 statim

288 470 493 521 jucundum
518 480 589 508 est.
653 471 883 518 Temperans
913 481 969 509 est
1004 470 1265 510 felicissimus:
1320 485 1401 512 narn

287 541 416 588 Deus,
446 542 510 588 qui
548 549 604 578 est
638 540 804 577 omnium
841 539 1110 589 felicissimus,
1151 542 1250 580 nulla
1283 555 1322 581 re
1347 545 1403 582 in-

286 608 386 657 diget
414 611 503 659 (ι).

338 683 538 721 Fortitudo
566 683 674 721 etiam
701 692 758 721 est
784 683 1060 732 καλοκᾳγαθὸν,
1097 694 1226 735 aptum
1252 694 1288 724 et
1311 687 1403 726 utile

283 751 338 789 ad
359 754 504 791 vitam:
556 764 637 791 nam
682 754 769 790 haec
809 752 925 800 facit,
973 761 1014 790 ut
1059 755 1162 801 quod
1199 755 1289 793 utile
1320 767 1401 794 esse

283 822 565 871 agnoverimus,
603 832 816 861 constanter
859 822 1063 871 faciamus,
1101 834 1169 861 nec
1204 834 1305 863 metu
1336 835 1400 864 aut

283 891 429 940 ignavia
453 893 499 930 ab
527 905 570 930 eo
597 893 823 931 abducamur
843 893 929 942 (ε).

333 962 500 1011 Justitia
528 972 584 1000 est
610 963 812 1001 observatio
840 964 983 1013 legum,
1012 972 1083 1001 tam
1106 965 1272 1004 civilium
1286 977 1395 1014 quam

281 1031 527 1070 divinarum:
552 1043 633 1070 nam
660 1035 700 1072 τὸ
727 1034 868 1081 νόμιμόν
894 1035 970 1073 ἔστι
994 1035 1124 1074 δίκκιον
1142 1062 1156 1082 ,
1173 1035 1322 1084 justum
1341 1044 1399 1074 est

281 1101 341 1149 id,
373 1100 470 1152 quod
495 1103 572 1152 lege
594 1105 831 1153 praecipitur
846 1117 863 1151 ,·
911 1104 1013 1152 justa
1037 1114 1157 1142 autem
1193 1106 1258 1152 qui
1284 1104 1397 1154 facit,

281 1172 342 1208 hic
363 1171 490 1220 justus
516 1179 587 1209 est.
667 1171 942 1219 Complectitur
981 1171 1096 1220 igitur
1128 1173 1275 1221 omnia,
1303 1185 1398 1222 quae

279 1241 393 1278 homo
421 1239 540 1278 facere
566 1240 702 1286 debet,
730 1241 769 1277 in
793 1241 1058 1288 conjunctione
1080 1252 1164 1279 cum
1185 1242 1264 1280 aliis
1290 1252 1397 1281 natu-

280 1310 354 1347 ris:
382 1309 646 1357 compiectitur
677 1309 847 1356 pietatem
875 1321 959 1358 erga
988 1311 1087 1348 Deos
1104 1338 1116 1357 ,
1148 1320 1290 1359 gratum
1319 1312 1397 1350 ani-

281 1392 379 1418 mum
409 1391 493 1428 erga
519 1378 736 1426 beneficos,
765 1381 1003 1417 reverentiam
1041 1380 1256 1427 parentibus
1293 1381 1397 1419 debi-

281 1458 382 1487 tam:
411 1461 493 1487 nam
520 1450 606 1486 haec
633 1449 777 1498 legibus
801 1447 863 1486 Dii
890 1457 1182 1497 praeceperunt;
1210 1451 1396 1498 complec-

282 1519 376 1557 titur
402 1520 564 1567 denique
592 1518 887 1556 observationem
912 1519 1074 1556 omnium
1101 1529 1221 1556 earum
1245 1520 1394 1567 legum,

283 1600 377 1635 quae
398 1589 436 1626 in
463 1588 611 1626 civitate
635 1588 680 1625 ab
706 1587 922 1625 hominibus
946 1597 1032 1624 sunt
1055 1587 1258 1626 institutae.
1288 1588 1394 1627 Hanc

282 1668 400 1695 autem
427 1659 600 1696 virtutem
623 1657 804 1705 imprimis
829 1659 1085 1703 commendat,
1114 1666 1155 1694 ut
1182 1669 1394 1709 καλοκᾳγω-

284 1730 357 1774 θήν.
423 1728 568 1766 Civitas
605 1739 666 1774 ea,
707 1727 744 1764 in
787 1739 858 1774 qua
902 1727 1000 1774 leges
1043 1727 1314 1775 observantur,
1354 1728 1392 1766 in

282 1809 371 1846 pace
404 1796 638 1844 felicissima,
667 1797 703 1834 in
736 1797 834 1834 bello
869 1796 1111 1834 invictissima
1138 1806 1218 1835 est:
1246 1797 1393 1836 civitate

280 1876 401 1904 autem
429 1868 520 1904 bene
546 1879 586 1904 se
614 1866 795 1911 habente,
823 1866 959 1914 singuli
989 1866 1094 1904 etiam
1120 1867 1221 1905 cives
1250 1865 1392 1905 felicio·

282 1948 339 1974 res
377 1937 549 1975 evadunt.
614 1937 744 1986 Justus
768 1947 882 1984 porro
916 1947 991 1973 uon
1018 1936 1145 1974 incidit
1175 1936 1214 1974 in
1249 1948 1386 1985 poenas

282 2007 321 2044 in
350 2006 500 2044 civitate
524 2006 747 2044 constitutas
767 2034 780 2052 ,
829 2016 1030 2053 numquam
1056 2006 1092 2042 in
1117 2006 1257 2054 judicio
1283 2018 1392 2044 causa

282 2077 415 2114 excidit
432 2104 444 2124 ,
470 2076 515 2114 ab
546 2075 719 2113 omnibus
744 2075 902 2119 colitur,
945 2077 1018 2123 ipsi
1045 2078 1208 2115 omnium
1235 2077 1390 2116 maxime

1339 2147 1392 2184 ci-

325 2234 373 2273 (ι)
408 2233 459 2264 lta
481 2233 721 2272 temperantiam
742 2232 940 2262 commendat
969 2233 997 2263 1.
1019 2232 1077 2264 c.5
1094 2255 1102 2269 ‚
1137 2243 1165 2263 c.
1190 2234 1221 2263 6.
1244 2233 1292 2265 11.
1313 2244 1342 2264 c.
1357 2244 1385 2265 ι.

283 2284 345 2316 1V.
366 2296 394 2316 c.
415 2286 446 2316 5.

324 2345 373 2385 (2)
410 2345 460 2375 Cf.
481 2346 580 2376 Mem·
602 2344 664 2374 IV.
687 2355 714 2374 c.
737 2346 768 2374 6.
791 2347 822 2385 55.
846 2354 906 2382 ιο,
931 2352 977 2375 11·
1004 2343 1080 2375 coli.
1102 2345 1166 2375 111.
1190 2356 1217 2376 c.
1240 2357 1269 2386 7.
