1487 2625
248 231 297 266 70
466 215 1120 255 COMMENTATIO

249 336 338 365 tem.
372 323 689 375 Quemadmodum
713 324 854 361 animus
882 325 1064 362 humanus
1086 335 1226 374 corpus
1257 335 1359 363 suam

246 396 293 444 ad
305 397 532 434 voluntatem
548 393 642 442 regit
657 421 669 440 ,
697 393 747 431 ita
770 405 921 441 quoque
944 405 1046 431 mens
1066 394 1214 441 divina,
1244 406 1363 442 quae,

245 464 374 514 prouti
402 464 547 502 animus
569 470 708 511 corpus
735 471 906 500 nostrum
925 491 938 509 ,
981 465 1033 500 sic
1059 474 1179 500 rerum
1215 464 1363 501 univer-

247 536 391 574 sitatem
433 533 600 581 pervadit
640 533 746 580 quasi
787 544 827 570 ac
866 543 1056 581 permeat,
1095 525 1228 569 cuncta
1257 544 1365 579 agere

246 605 445 660 censenda!
467 612 551 650 est,
587 601 852 643 convenienter
887 601 1073 640 voluntati
1099 613 1187 639 suae
1207 600 1365 649 sapienti

203 698 206 702 -
247 684 282 722 et
308 674 487 723 benignae
509 672 594 721 (1).
788 675 791 676 ’

296 747 396 783 Cum
432 743 500 781 hac
537 742 763 791 proprietate
795 742 968 790 junctum
1010 748 1065 779 est
1105 739 1205 778 aliud
1245 739 1363 786 quid,

247 814 350 861 quod
373 814 597 851 Socrates
625 813 771 850 diVInae
804 820 956 850 naturae
991 810 1197 857 tribuebat,
1233 820 1366 858 nempe

242 884 343 922 >illam
372 884 474 925 nulla
494 895 534 921 re
560 882 722 931 indigere
739 908 753 928 ,
781 890 817 920 et
839 882 947 931 piane
975 892 1058 919 esse
1080 881 1150 920 sibi
1173 882 1244 932 ipsi
1269 880 1363 931 suffi-

243 955 396 1001 cientem
426 953 511 1001 (2).
837 991 841 995 ,

301 1022 650 1074 Omnipraesentia:
691 1020 948 1067 existimabat,
976 1021 1079 1059 Deos
1099 1020 1242 1069 ubique
1256 1020 1365 1059 ades-

250 1103 319 1138 se,
349 1092 473 1129 omnia
503 1103 630 1129 curare
657 1091 855 1138 omniaque
881 1090 976 1128 scire
1004 1089 1092 1139 (3).
1135 1091 1231 1129 Nam
1259 1101 1362 1128 mens

246 1161 405 1200 humana
428 1171 505 1199 non
528 1162 699 1200 adstricta
724 1170 780 1199 est
799 1159 911 1208 spatii
932 1160 1139 1206 limitibus,
1166 1161 1232 1198 sed
1250 1159 1361 1199 simul

246 1239 415 1269 versatur
452 1231 490 1270 in
524 1230 738 1277 regionibus
776 1230 990 1278 longissime
1029 1230 1195 1268 dissitis:
1250 1238 1355 1267 curat

245 1300 428 1348 novitque
463 1310 498 1338 et
533 1312 627 1348 quae
656 1301 695 1338 in
727 1299 882 1346 Sicilia,
910 1307 946 1336 et
974 1310 1068 1347 quae
1092 1298 1130 1336 in
1153 1299 1359 1348 Aegypto,

245 1377 283 1413 et
306 1382 399 1417 quae
420 1370 458 1408 in
492 1369 649 1408 Graecia
675 1370 786 1407 fiunt.
840 1369 1007 1408 Mentem
1033 1369 1144 1416 igitur
1171 1369 1358 1416 divinam,

246 1450 340 1485 quae
367 1448 440 1477 tam
479 1441 588 1488 longe
622 1451 733 1488 supra
773 1440 968 1477 humanam
1019 1439 1179 1485 eminet,
1233 1438 1357 1476 omnia

243 1510 472 1558 complecti,
519 1510 660 1556 ubique
691 1511 850 1555 adesse,
899 1518 935 1546 et
971 1507 1110 1556 ubique
1143 1507 1217 1545 vim
1254 1518 1354 1546 suam

244 1590 408 1616 exserere
435 1579 713 1618 existimandum
743 1588 799 1617 est
825 1579 909 1627 (4).

295 1649 543 1696 Proprietates
567 1648 703 1695 igitur,
746 1660 836 1695 quas
865 1649 1087 1686 Socrates
1114 1646 1272 1685 Divinae
1293 1658 1357 1685 na-

242 1726 345 1758 turae
370 1717 582 1764 tribuebat,
611 1727 699 1754 sunt
725 1719 909 1767 sapientia
928 1744 940 1763 ,
976 1716 1354 1767 benignitas‚·justi-

240 1788 296 1824 tia
310 1814 322 1832 ,
370 1789 621 1825 omniscientia
639 1816 650 1830 ,
703 1789 1034 1838 omnipraesentia‚
1073 1788 1350 1837 omnipotentia.

240 1856 303 1895 Ex
340 1857 397 1893 his
419 1856 710 1905 proprietatibus
744 1855 842 1893 forte
869 1856 954 1904 quis
983 1856 1192 1903 existimet,
1228 1857 1355 1904 plures

240 1927 340 1974 justa
365 1925 607 1968 conclusione
631 1925 722 1962 effici
749 1937 888 1973 posse,
929 1934 1061 1973 utpote
1095 1937 1140 1964 ex
1167 1925 1240 1963 illis
1263 1937 1354 1974 pen-

240 1997 367 2040 dentes
405 2005 441 2033 et
476 2007 559 2033 cum
595 1995 668 2033 illis
703 1997 948 2045 conjunctas,
987 1996 1155 2043 adeoque
1191 2006 1236 2034 ex
1268 1995 1348 2032 So-

385 2084 390 2087 ·
1252 2075 1346 2103 cra-

279 2129 328 2166 (1)
353 2127 404 2156 Cf.
424 2129 522 2157 Mem.
546 2127 573 2156 Ι.
596 2137 625 2157 c.
645 2128 676 2156 4.
697 2130 728 2167 35.
752 2136 801 2167 17.

279 2182 326 2218 (2)
350 2180 402 2209 Cf.
423 2182 521 2210 Mem.
545 2181 570 2210 1.
594 2191 622 2210 c.
645 2181 674 2210 6.
698 2185 725 2218 ξ.
749 2190 798 2210 10.

275 2233 330 2269 (ὅ)
354 2232 406 2262 Cf.
427 2235 526 2263 Mem.
550 2233 577 2262 1.
600 2244 626 2262 c.
653 2243 680 2262 1.
701 2229 730 2269 ἕ.
754 2243 803 2271 ¹9·

275 2285 321 2327 (4)
358 2284 409 2315 Cf.
430 2288 527 2316 Mam
553 2285 580 2316 1.
603 2297 630 2317 c.
652 2287 681 2316 4.
705 2289 735 2325 ᾗ.
760 2296 808 2324 ¹7·
