1487 2625
223 154 272 198 90
441 147 1106 192 COMMENTATIO

704 280 834 326 §·7·

237 417 392 466 Signa
424 416 669 457 Chemica
711 419 1002 469 deutoxydi
1028 421 1291 463 Arsenici.

552 489 729 527 Forma
768 490 987 539 liquida.
1072 501 1076 519 ¹

256 621 412 669 Duplici
440 623 553 661 modo
584 625 806 663 Arsenicum
834 627 1000 665 solutum
1026 625 1149 676 detegi
1170 634 1322 676 potest:

207 692 267 730 vel
293 703 360 741 per
382 694 566 742 reagentia
589 695 729 744 fluida,
757 696 816 735 vel
842 696 956 746 oxydi
978 697 1023 735 ad
1053 697 1240 736 metallum
1268 707 1324 734 re-

206 763 399 803 ductione.

256 835 312 872 De
348 833 422 872 illis
447 846 571 883 nunc,
598 836 643 874 de
671 837 738 874 hac
765 846 886 876 autem
909 846 1040 886 postea
1064 837 1291 876 videbimus.

253 903 390 952 Magna
419 905 616 943 sedulitate
651 906 775 945 eximii
813 906 851 944 in
884 916 963 945 arte
993 915 1122 946 nostra
1147 907 1217 946 viri
1244 908 1323 945 col·

203 973 316 1022 ligere
356 975 481 1014 conati
533 986 654 1023 sunt,
705 986 740 1015 et
788 977 942 1015 ulterius
979 977 1150 1026 indagare
1184 978 1323 1026 signa,

201 1044 341 1092 quibus
372 1046 594 1085 Arsenicum
629 1047 752 1095 detegi
784 1056 941 1095 posset3
970 1047 1066 1085 inter
1096 1058 1191 1095 quae
1220 1047 1320 1086 haud

202 1113 380 1153 minorem
418 1128 603 1165 occupare
633 1117 807 1155 videntur
836 1118 983 1163 locum,
1012 1129 1053 1155 ea
1082 1128 1177 1165 quae
1204 1128 1318 1165 appa-

200 1193 308 1232 rent,
346 1186 379 1224 si
412 1185 555 1224 solutio
581 1187 815 1233 arsenicalis‚
854 1198 1054 1235 corporum
1082 1186 1314 1224 diversorum

203 1255 430 1304 reagentium
459 1267 533 1304 ope
559 1257 788 1305 exploratur.

453 1474 731 1525 Hydrogenium
772 1474 1062 1525 Sulphuratum.

248 1611 426 1650 Omnium
451 1611 609 1660 primum
645 1612 683 1649 in
717 1623 869 1649 censum
892 1611 994 1649 venit
1024 1610 1306 1659 Hydrogenium

196 1682 455 1730 sulphuratum
472 1709 486 1729 ,
513 1683 621 1731 qu'us
646 1682 870 1720 solutionem
905 1692 1084 1728 aquosam
1119 1692 1305 1719 commen·

194 1752 293 1790 davit
321 1752 648 1791 Hahnemann
674 1751 743 1800 (1)
760 1780 772 1799 ‚
799 1750 1146 1789 deindeRoloff.
1170 1751 1313 1790 Pfaff

194 1831 230 1860 et
255 1823 439 1872 Jiger,
466 1821 682 1861 Prousti
699 1833 770 1858 um
802 1822 946 1868 secuti,
972 1822 1017 1859 ad
1049 1822 1128 1871 ejus
1156 1832 1310 1870 praepa·

193 1892 372 1930 rationem
398 1892 643 1930 laudaverunt
669 1891 934 1940 Sulphuretum
965 1891 1066 1930 Ferri
1095 1900 1131 1929 et
1159 1892 1304 1931 acidum

192 1962 424 2001 muriaticam
439 1990 454 2010 ,
505 1974 588 2000 cum
626 1961 659 2000 si
698 1973 744 1999 ex
771 1961 1065 2010 praescriptione
1108 1960 1144 1999 H
1160 1962 1306 2000 ahne·

190 2044 225 2070 m
239 2044 259 2071 a
272 2044 295 2071 n
307 2035 355 2071 ni
395 2043 546 2082 reagens
584 2032 804 2081 producitur
842 2031 936 2082 (2),
981 2031 1124 2070 acidum
1164 2032 1306 2070 tartari-

1187 2114 1272 2141 cum
1287 2114 1302 2151 ‚·

229 2182 282 2223 (ι)
303 2183 326 2213 Ι.
349 2194 378 2214 c.
399 2194 431 2223 p.
453 2184 529 2216 250.
548 2187 581 2224 §0
601 2184 674 2214 405.

228 2236 327 2280 (22:¹ss
348 2248 377 2269 c·
399 2248 431 2277 p·
458 2247 527 2274 127.
552 2239 584 2279 ᾗ.
606 2238 678 2270 225.
698 2247 733 2277 p.
755 2236 826 2269 236.
849 2240 880 2277 ᾗ.
902 2237 976 2268 421.
