1487 2625
200 230 267 281 '104
418 215 1110 272 COMMENTATIO'

196 354 272 381 non
311 342 443 380 habent
460 369 472 388 ,
527 353 608 379 nam
646 343 676 379 si
716 342 836 378 officio
880 353 949 379 suo
989 342 1134 388 desint,
1172 341 1298 380 divino

200 412 325 450 favore
358 422 396 448 se
433 410 598 448 excidere
634 420 818 457 censent,
857 421 1014 447 amorem
1049 411 1197 448 omnino
1222 422 1297 449 non

201 482 356 526 habent,
378 480 444 518 sed
458 480 583 528 potius
598 490 764 517 metuunt
781 482 896 518 Deum
911 508 923 526 ,
941 479 1100 528 judicem
1116 492 1297 517 severum.

249 551 311 588 Ad
341 550 613 600 diiudicandum
655 558 775 587 autem
812 550 1000 597 religionis
1025 549 1211 587 doctrinae
1236 549 1300 587 ali-

199 621 306 669 cujtls
342 619 497 667 pretium
517 647 529 666 ‚
569 619 751 667 imprimis
788 619 1037 667 respiciendus
1064 629 1120 657 est
1148 617 1299 657 effectus

199 691 332 738 ejusne
347 689 427 735 vis,
452 699 561 736 quam
584 689 713 726 habeat
738 688 775 725 in
797 688 957 726 hominis
983 689 1090 726 vitam
1110 688 1299 726 moralem.

201 760 302 798 Haec
326 767 444 796 autem
474 758 556 805 vis,
597 767 638 795 ut
664 767 798 805 sponte
825 743 950 805 patet,
975 757 1118 795 diversa
1142 765 1197 794 est
1232 767 1301 805 pro

200 829 301 866 vario
334 827 606 877 conjunctionis
646 828 739 865 inter
765 828 880 866 Deum
911 836 946 866 et
974 828 1142 866 homines
1173 828 1299 865 modo.

199 900 387 949 Quaenam
423 907 520 936 esset
558 898 613 935 vis
650 898 838 935 doctrinae
873 899 1082 937 Socraticae
1123 898 1159 935 in
1195 897 1305 936 disci-

199 971 373 1018 pulorum
396 969 567 1015 animos,
606 969 865 1015 Xenophon
902 968 1094 1016 expressit.
1152 996 1176 1015 „
1203 966 1302 1004 Mihi

204 1067 230 1086 ‚,
257 1038 458 1087 quidem,'’
484 1037 629 1085 inquit,
661 1065 684 1085 ‚‚
700 1038 839 1075 efficere
855 1039 1046 1075 videbatur
1061 1039 1300 1083 Socrates,

205 1136 228 1156 „
254 1116 295 1146 ut
320 1107 495 1157 discipuli
519 1104 596 1145 non
622 1116 699 1145 tum
715 1109 853 1154 modo,
883 1107 996 1146 ubiiu
1009 1108 1200 1146 hominum
1215 1117 1304 1144 con-

205 1205 230 1226 „
255 1188 387 1227 spectu
405 1186 638 1217 versarentur
653 1204 666 1224 ,
694 1177 918 1216 abstinerent
938 1189 958 1213 a
978 1177 1080 1213 malis
1093 1205 1105 1222 ‚
1133 1176 1301 1225 iniustis,

204 1277 228 1296 ‚‚
255 1256 290 1286 et
303 1247 476 1295 turpibus
489 1247 662 1296 agendis,
690 1248 756 1285 sed
778 1255 839 1293 et,
865 1246 924 1283 ubi
951 1247 985 1283 in
1009 1246 1157 1283 deserto
1183 1254 1306 1283 essent

203 1346 227 1366 ,‚
253 1317 298 1355 ab
336 1317 526 1355 hominum
561 1325 766 1364 conspectu
799 1315 955 1362 remoti3
1008 1315 1302 1362 quandoquidem

204 1414 229 1434 „
253 1385 527 1432 existimarent,
554 1386 646 1423 nihil
657 1397 782 1423 eorum
798 1413 811 1431 ,
839 1397 932 1432 quae
945 1395 1115 1432 agerent,
1145 1387 1242 1423 Deos
1253 1386 1304 1422 la-

205 1486 230 1504 „
258 1456 377 1494 tere.”
392 1456 474 1505 (1).
522 1455 624 1493 Talis
649 1456 762 1504 igitur
788 1465 862 1492 erat
883 1456 970 1492 haec
997 1456 1075 1501 vis,
1107 1464 1146 1492 ut
1166 1455 1304 1503 cogita-

203 1527 304 1564 tione
326 1526 397 1565 Dei
420 1525 672 1563 omniscientis
688 1534 723 1562 et
739 1537 863 1563 severe
877 1525 1063 1573 punientis
1076 1524 1305 1571 adigerentur

203 1597 248 1634 ad
267 1596 361 1634 bene
375 1595 590 1633 vivendum.-
619 1596 655 1633 A
675 1595 859 1642 perversis
873 1595 1133 1639 abstinebant,
1161 1593 1246 1640 quia
1260 1592 1303 1630 iis

204 1677 418 1713 persuasum
434 1673 532 1711 erat,
560 1665 610 1701 nil
626 1665 708 1702 mali
724 1676 762 1702 se
774 1675 878 1712 agere
893 1675 1025 1711 posse,
1048 1664 1137 1710 quin
1151 1664 1186 1700 id
1202 1663 1304 1700 Deus

205 1735 345 1773 videret
357 1763 369 1781 ,
396 1745 429 1772 et
446 1746 570 1771 severe
586 1735 734 1782 puniret
747 1747 764 1771 ε’
786 1736 949 1781 adeoque
963 1734 1011 1770 ob
1026 1745 1169 1771 causam
1187 1742 1305 1770 exter-

207 1820 317 1856 nam,
341 1819 417 1846 non
442 1807 660 1850 αὐτοκίνητοι
676 1835 688 1854 ,
715 1808 885 1846 virtutem
903 1808 1070 1846 colebant
1082 1809 1163 1856 (α).
1194 1810 1305 1847 Ducit

205 1880 317 1926 igitur
340 1879 427 1915 haec
450 1877 555 1914 notio
578 1887 726 1915 naturae
747 1878 925 1924 Divinae,
957 1890 1063 1925 quam
1089 1878 1302 1915 Socrates

205 1948 277 1986 sibi
314 1945 560 1994 informabat,
599 1948 642 1983 ad
679 1946 854 1984 virtutem
885 1949 1098 1997 impuram,
1141 1946 1305 1993 quando-

206 2019 351 2066 quidem
391 2017 533 2064 impura
558 2025 614 2053 est
642 2001 758 2053 virtus
776 2045 787 2062 ,
828 2027 921 2064 quae
945 2016 995 2052 ob
1016 2027 1160 2052 causam
1184 2024 1306 2053 exter-

208 2100 288 2127 nam
309 2087 472 2133 colitur,
516 2094 549 2123 et
587 2088 631 2124 ad
654 2087 806 2135 legalem
833 2088 1004 2123 virtutem
1023 2113 1035 2131 ,
1072 2085 1097 2122 i.
1125 2096 1156 2123 e.
1197 2096 1272 2122 eam
1291 2112 1304 2131 ,

1214 2165 1309 2201 quae

249 2219 296 2258 (ι)
332 2219 384 2249 Cf.
405 2220 500 2247 Mem.
526 2219 553 2247 Ι.
576 2229 603 2247 c.
626 2219 657 2248 4.
680 2220 707 2254 §-
731 2228 778 2258 ¹9·
936 2253 938 2255 .

248 2273 295 2312 (2)
331 2273 430 2310 Cujus
460 2272 506 2301 rei
537 2271 713 2312 exemplum
747 2281 784 2299 ex
816 2271 1006 2301 Socratis
1028 2271 1089 2300 vita
1114 2272 1203 2299 affert
1226 2270 1305 2299 Xe-

207 2325 370 2364 nophon
405 2328 501 2355 Mam.
523 2326 550 2354 l.
578 2336 604 2354 c.
627 2334 655 2354 ι.
685 2327 714 2364 §-
740 2326 797 2359 18‚
823 2334 871 2364 19.
