1487 2625
192 195 241 233 26
417 193 1083 235 COMMEN·rAT10

191 314 252 343 tus
289 304 485 351 deficiant,
518 304 579 341 vel
614 314 682 352 pro
715 315 845 353 magna
880 306 1006 343 saltem
1035 314 1138 354 parte
1163 304 1318 346 deside..

190 384 344 421 rentur,
378 375 554 421 nullaque
591 373 687 411 haud
714 384 795 411 raro
822 373 861 411 in
886 374 1126 413 cadaveribus
1151 374 1306 424 conspi-

187 446 330 483 ciantur
362 444 520 482 fabricae
544 444 718 482 laesionis
743 444 890 482 indicia.

237 516 363 566 HuJus
409 514 553 563 generis
597 514 711 564 igitur
756 515 966 563 exemplum
1012 515 1302 554 communicavit

185 586 288 624 doct.
315 585 467 624 Ward.
518 584 671 632 Juvenis
701 597 747 633 17
772 596 982 633 annorum,
1011 587 1162 634 crapuIa
1187 584 1304 624 affec-

185 665 277 702 tus,
316 657 506 693 drachmas
547 665 620 694 tres
649 655 819 693 Arsenici
851 656 1072 704 ingesserat.
1123 656 1303 705 Inseque-

182 726 346 774 bantur,
383 726 533 765 duobus
570 725 675 764 horis
713 726 874 774 elapsis,
919 737 1056 764 nausea
1096 734 1134 764 et
1163 726 1299 776 pulsus

179 795 355 844 frequens
380 797 523 845 absque
549 806 669 835 tamen
687 796 832 834 vomitu
853 805 917 834 aut
936 796 1133 835 ventriculi
1153 796 1298 835 dolore.

181 868 393 907 Emeticum
419 868 451 906 ei
476 867 607 906 deinde
629 875 840 915 porrectum
866 866 1051 905 vomitum
1076 864 1300 915 provocavit

179 939 340 986 amplum
375 948 411 976 et
443 937 690 986 frequentem.
758 938 893 976 Pulsus
920 937 1144 985 pedetentim
1171 937 1300 976 redde-

178 1008 286 1046 batur
314 1006 571 1056 frequentior,
600 1020 685 1046 cum
714 1007 852 1054 insigni
888 1007 1053 1056 virium,
1092 1017 1180 1056 post
1207 1016 1295 1046 octo

178 1077 312 1126 horas,
337 1067 612 1116 imminutione.
666 1078 768 1116 Hora
795 1090 840 1126 17
862 1078 907 1115 ab
933 1079 1167 1127 ingestione,
1191 1078 1298 1116 lassi-

175 1150 269 1187 tudo
302 1157 377 1186 etat
415 1158 547 1194 aucta,
589 1157 625 1186 et
662 1157 751 1196 post
787 1162 835 1186 20
875 1150 984 1187 horas
1022 1150 1294 1188 extremitatum

177 1221 365 1259 oriebatur
401 1220 521 1268 frigus
563 1229 597 1257 et
632 1228 834 1267 spontanea
869 1219 1065 1256 ventriculi
1095 1227 1296 1257 contento-

174 1303 255 1330 rum
285 1303 350 1340 per
376 1291 569 1338 superiora
595 1289 759 1340 reJeetiO.
802 1290 905 1327 Hora
924 1290 994 1338 36,
1019 1289 1210 1327 diarrhoea
1231 1299 1294 1327 ex·

175 1372 280 1409 orta,
315 1373 417 1400 mors
455 1361 640 1407 instabat,
678 1360 770 1398 intra
805 1373 851 1408 41
883 1361 993 1397 horas
1021 1369 1175 1406 secuta,
1203 1371 1290 1399 cum

173 1445 279 1482 aeger
313 1441 453 1470 tantum
484 1433 529 1469 de
565 1432 693 1468 dolore
720 1430 858 1468 leviore
886 1429 1004 1468 fuerat
1030 1440 1292 1479 conquestus,

173 1503 206 1541 si
245 1503 362 1541 valida
403 1502 660 1540 institueretur
696 1501 857 1550 pressio.
912 1500 1060 1539 Tunica
1095 1501 1293 1541 ventriculi

172 1584 325 1610 mucosa
351 1571 693 1620 deprehendebatur
719 1582 805 1608 sana
827 1570 916 1620 (1).

222 1642 294 1679 Vir
329 1642 477 1689 quidam
513 1641 671 1689 liquoris
706 1641 903 1679 alcoholici
941 1642 1197 1692 (Whisky)
1234 1644 1291 1682 in·

170 1712 366 1761 gestione,
400 1712 525 1750 ebrius
558 1713 680 1750 minus
716 1724 825 1759 quam
862 1713 1052 1759 irritatus,
1092 1715 1285 1761 quamdam

169 1783 341 1821 Arsenici
380 1782 621 1831 quantitatem
660 1782 899 1829 assumebat,
935 1794 979 1820 eo
1006 1792 1128 1821 tamen
1153 1783 1290 1823 effectu

166 1865 207 1892 ut
229 1866 349 1902 neque
368 1862 522 1896 natura,
547 1864 669 1900 neque
694 1863 772 1890 arte
786 1853 953 1890 vomitus
968 1853 1127 1901 produci
1140 1862 1285 1902 posset.

166 1924 442 1973 Gastrenchyta
467 1923 745 1971 applicabatur,
770 1935 868 1970 qua,
897 1934 961 1971 per
988 1924 1114 1961 horam
1143 1923 1289 1962 adhibi-

165 2005 226 2042 ta,
262 1995 389 2042 liquor
428 1993 702 2040 evacuabatur,
742 1990 937 2032 manifesta
964 1994 1141 2032 exhibens
1169 1995 1286 2034 Arse-

163 2066 238 2103 nici
265 2065 413 2104 indicia.
468 2064 628 2103 Nullum
657 2075 746 2102 vero
775 2064 965 2109 oriebatur
991 2065 1160 2103 veneficii
1187 2077 1287 2105 arse-

165 2135 296 2174 nicalis
337 2145 577 2184 symptoma‚
623 2134 833 2174 ventriculo
877 2135 962 2173 licet
1000 2147 1147 2184 vacuo,
1196 2148 1282 2175 cum

1199 2216 1284 2246 ante

206 2295 257 2335 (ι)
285 2292 534 2324 Εὶιι·ίιὲίεειι
561 2291 583 2322 l.
608 2304 633 2322 c.
657 2302 689 2330 p.
711 2294 783 2333 gio.
