1487 2625
506 185 899 240 'MEDICA.
1234 215 1279 251 81

164 295 412 342 perceperunt
432 298 582 338 odorem
608 313 653 342 ex
672 304 995 356 decompositione
1016 317 1187 365 corporis
1210 330 1276 359 cu-

157 359 303 408 jusdam
331 368 522 417 organici,
563 374 665 420 quod
686 377 788 415 omni
811 378 947 420 fuisset
971 392 1104 433 expers
1118 386 1275 430 Arseni⁴

158 440 232 478 cc,
260 432 440 476 Orfila
466 447 503 477 et
530 440 840 493 Vauquelin
866 451 951 500 (1).

206 500 270 539 Ab
317 504 429 544 altera
467 507 624 558 insuper
652 524 781 564 parte,
833 520 928 558 odor
959 521 1022 561 ille
1056 527 1271 576 saepissime

150 577 230 608 non
259 575 490 624 percipitur,
517 590 602 618 cum
634 593 820 635 corpora,
845 599 940 637 quae
966 603 1011 632 ex
1034 595 1271 647 decomposi-

148 637 254 679 tione
276 644 446 685 materiae
471 650 682 699 organicae,
710 655 859 696 minima
885 662 1092 708 quantitate
1115 678 1261 708 veneno

147 709 337 761 sociatae,
366 716 563 768 ori-untur,
592 722 742 762 odorem
767 725 872 770 illum
901 732 1006 778 quasi
1040 734 1263 789 involvant,

145 789 260 829 atque
285 784 465 835 efficiant,
488 797 538 827 tut
573 793 717 832 nullum
745 795 813 835 hac
835 799 979 840 ratione
1005 815 1178 854 appareat
1199 821 1263 849 ve-

144 850 230 888 neni
259 854 488 906 vestigium,
514 863 641 907 prouti
664 864 993 912 observationibus
1020 874 1103 913 suis
1122 877 1263 918 docue-

138 927 226 958 runt
257 922 533 974 Zittlnann
559 939 597 968 et
631 933 724 983 Pyl
751 937 846 986 (2),
872 949 985 990 atque
1011 945 1160 994 saepius
1197 948 1256 988 in-

140 990 248 1038 veni,
276 993 362 1033 licet
395 1008 503 1044 parca
519 1007 661 1040 tantum
688 1006 833 1045 adesset
857 1009 1127 1060 principiorum
1150 1028 1258 1068 orga-

135 1059 306 1101 nicorum
338 1066 462 1114 copia.
517 1070 618 1108 Cum
649 1072 774 1122 itaque
811 1079 912 1117 varia
945 1092 1135 1133 corpora,
1175 1095 1256 1127 tum

133 1202 334 1250 destituta,
359 1206 456 1245 idem
485 1208 673 1251 interdum
705 1214 851 1263 signum
876 1219 1099 1270 exhibeant,
1127 1235 1250 1274 neque

130 1282 215 1310 raro
244 1273 337 1312 illud
357 1276 528 1326 deficiat,
545 1291 590 1319 ex
615 1284 757 1323 minore
788 1288 994 1334 quantitate
1018 1293 1250 1336 substantiae

126 1343 319 1392 enjusdam
345 1348 537 1395 organicae
559 1351 718 1392 admixta
734 1383 746 1402 ‚
761 1358 933 1406 sequitur
945 1389 958 1409 ‚
973 1372 1048 1400 non
1075 1375 1243 1413 magnam

124 1420 207 1449 esse
231 1412 344 1465 hujus
357 1416 463 1464 {signi
491 1419 684 1461 efficaciam
707 1426 753 1463 ad
777 1429 1005 1476 probandam
1031 1435 1146 1483 oxydi
1169 1437 1243 1476 Ar-

122 1481 237 1520 senici
271 1469 534 1532 praesentiam.

127 1561 133 1564 ·
170 1551 289 1591 Aliud
311 1554 459 1604 signum
479 1560 726 1602 constituitur
757 1569 899 1607 macula
927 1571 1109 1613 albicante
1125 1603 1139 1623 ,
1166 1586 1240 1625 qua

120 1620 259 1669 tegitur
279 1623 413 1664 lamina
432 1628 631 1675 splendens
654 1644 773 1682 cupro
806 1637 928 1676 aliove
964 1644 1114 1681 metallo
1148 1656 1242 1684 con-

119 1689 243 1738 fecta,
271 1693 303 1730 si
328 1695 373 1732 de
395 1696 465 1735 alia
492 1699 633 1739 lamella
672 1703 835 1753 ejusdem
865 1717 1016 1748 naturae
1049 1713 1115 1751 sed
1152 1723 1237 1754 ante

121 1760 318 1801 calefactae
340 1766 560 1807 Arsenicum
584 1772 824 1816 sublimatur.

166 1831 482 1876 Hahnemann
531 1840 630 1879 hunc
671 1845 837 1884 colorem
883 1859 1029 1899 semper
1063 1864 1144 1892 esse
1181 1856 1235 1894 al·

116 1900 205 1939 bum
240 1906 434 1944 contendit
464 1907 534 1958 (3)
560 1910 748 1961 {idemque
782 1915 959 1957 indicavit
995 1920 1161 1963 Orfila
1195 1937 1233 1964 et

113 1970 188 2013 alii.
243 1973 440 2014 Plenck
469 1981 645 2020 maculam
687 1983 783 2023 illam
809 1989 937 2026 colore
961 1990 1144 2033 interdum
1168 2008 1228 2035 ese

1130 2108 1132 2111 ,
1186 2078 1227 2106 ὅθ

150 2149 199 2191 (ι)
223 2150 400 2191 Orsua,
422 2153 447 2185 1.
469 2166 497 2187 c.
518 2167 554 2197 p.
572 2157 643 2200 557.

151 2204 200 2244 (2)
225 2204 551 2249 Hahnemann,
574 2212 597 2243 l.
621 2225 650 2245 c.
672 2225 703 2254 p.
731 2218 802 2249 213.
826 2217 859 2259 §⁶
881 2220 952 2252 581·

150 2255 199 2296 (3)
223 2257 247 2287 1.
268 2269 296 2290 c.
318 2270 352 2300 p·
371 2272 442 2294 221.
461 2265 488 2302 ς.
504 2263 576 2306 387.

161 2328 254 2358 ENS.
650 2331 680 2369 F
