1487 2625
201 158 221 191 8
417 152 1077 196 COMMENTATIO

206 261 400 311 proprium
431 270 486 299 est
514 259 598 308 (ι).
653 262 788 310 Aqua,
830 274 922 311 quae
959 265 1023 302 hac
1062 266 1306 304 destillationa

210 331 249 368 in
284 330 516 379 recipientem
556 331 767 378 transierit,
816 332 1007 371 identidem
1058 335 1095 371 in
1135 345 1305 374 retortam

211 400 395 449 injiciatur
425 400 648 448 prudenter,
685 411 731 437 ne
754 400 862 438 nimis
889 402 1143 449 Creosoti,
1183 405 1248 442 hac
1271 407 1308 441 in

211 481 304 519 aqua
330 470 444 509 soluti
466 497 478 516 ‚
503 471 704 508 amittatur.

259 539 577 586 Creosotum‚
603 541 673 577 hoc
701 541 811 579 modo
825 541 1044 588 acquisitum
1061 569 1073 588 ‚
1101 550 1143 579 ut
1155 552 1253 579 nunc
1266 542 1311 579 ab

211 609 322 656 cupio
355 618 392 646 et
425 609 611 658 principio
649 611 807 657 quodam
823 611 840 657 ,’
879 611 1103 658 oxygeniurn
1127 610 1230 649 avide
1251 611 1314 648 ab·

212 679 413 726 sorbente,
453 691 519 717 nec
554 679 676 717 minus
710 680 755 717 ab
785 691 879 728 aqua
906 688 1121 728 separetur,
1150 681 1315 717 solvatur

209 749 248 786 in
294 749 422 786 lixivio
465 758 634 798 potassae
680 751 861 787 causticae
900 761 1002 796 ·1‚12
1035 749 1164 798 '‘pond.
1210 759 1313 796 spec.

211 817 318 866 (16⁰.
337 831 359 867 7
384 819 592 857 Areometri
623 818 854 867 Baurneani).
898 819 1055 857 Miscela
1080 819 1133 856 sic
1158 819 1316 867 primum

213 889 328 926 lactea
364 889 554 935 redditur,
593 900 676 925 cum
713 889 797 926 dein
831 889 868 925 in
896 888 1090 935 superficie
1117 888 1319 925 solutionis

215 958 337 995 oleum
357 966 571 1006 separatur,
597 966 773 995 constans
789 969 832 995 ex
846 969 956 1006 parva
979 957 1208 996 Creosoti
1234 968 1318 994 cum

216 1027 328 1075 eupio
362 1028 593 1074 quantitate,
644 1036 680 1065 et
723 1028 854 1064 iterum
902 1027 939 1065 in
988 1027 1114 1065 lixivio
1153 1036 1320 1075 potassae

217 1096 398 1134 causticae
437 1108 450 1134 1
470 1124 482 1143 ‚
513 1109 557 1135 12
586 1097 699 1144 pond.
728 1108 831 1144 spec.
869 1098 1102 1134 solvendum.
1158 1096 1319 1140 Oleum,

218 1165 305 1203 hinc
330 1165 366 1203 in
390 1166 586 1213 superficie
614 1177 818 1214 separatum
836 1194 849 1211 .,
887 1179 954 1214 pro
979 1169 1131 1204 maxima
1155 1175 1257 1214 parte
1278 1176 1323 1202 ex

218 1236 333 1284 eupio
358 1246 532 1274 constans
549 1263 562 1284 ‚
591 1236 800 1286 rejiciatur3
830 1237 970 1273 solutio
998 1246 1086 1272 vero
1113 1246 1196 1272 curn
1223 1246 1324 1282 prae·

219 1305 360 1345 cedenti
389 1305 574 1343 solutione
600 1306 809 1354 colligatur.

271 1375 412 1412 lteratis
448 1375 700 1413 solutionibus
737 1377 773 1413 in
813 1375 941 1413 lixivio
969 1384 1119 1423 potasae
1144 1374 1326 1412 causticae

225 1457 311 1489 1‚12
343 1446 445 1494 pond
481 1458 610 1494 spec.‚
660 1446 718 1484 his
758 1446 941 1484 calefactis
975 1445 1010 1482 in
1046 1456 1132 1481 vase
1167 1453 1322 1492 aperto,

227 1516 409 1563 oxydatur
443 1516 665 1564 principium
705 1516 823 1562 illud,
865 1516 964 1561 quod
989 1513 1164 1551 absorbet
1188 1524 1326 1562 oxyge·

224 1585 350 1631 nium,
401 1586 508 1634 cujus
546 1585 719 1622 indicium
758 1596 812 1622 est
842 1585 946 1621 valde
981 1584 1167 1621 brunneus
1206 1584 1326 1621 color.

225 1655 316 1693 Post
358 1655 509 1701 aliquod
536 1664 682 1701 teinpus
707 1655 855 1691 miscela
882 1655 1171 1701 deconiponatur
1202 1663 1327 1700 magna

226 1723 319 1763 acidi
365 1724 571 1772 sulphurici
619 1724 723 1761 diluti
778 1723 1007 1771 quantitate3
1062 1734 1137 1770 quo
1176 1721 1327 1769 opificio

227 1802 375 1840 potassa
410 1794 584 1841 relinquit
621 1793 857 1831 Creosotu
871 1805 903 1830 1n
933 1802 968 1830 et
994 1792 1237 1830 substantiam
1264 1803 1328 1830 co-

227 1864 406 1910 loratam3
437 1864 521 1900 haec
549 1872 667 1900 autem
693 1871 931 1910 separentur‚
961 1863 1077 1899 adhuc
1103 1862 1232 1899 calida.
1277 1862 1328 1899 Ut

229 1941 349 1969 autem
374 1932 574 1970 liberentur
601 1944 617 1968 a
646 1932 812 1979 partibus
841 1931 967 1969 salinis
996 1932 1192 1977 admixtis,
1233 1931 1326 1967 lotio

230 2013 312 2039 cum
345 2005 438 2050 aqua
471 2014 561 2049 pura
596 2001 807 2049 requiritur.
863 2003 972 2048 Aqua
999 2001 1109 2048 dein,
1153 2009 1327 2047 quantum

1241 2079 1310 2115 pos
1321 2086 1331 2095 -

272 2155 320 2193 (ι)
345 2153 423 2181 Vixi.
463 2153 602 2183 Orfila
622 2176 629 2188 ‚
665 2153 816 2183 Elemens
850 2154 886 2182 (le
922 2152 1050 2182 Clzemie
1070 2171 1079 2186 ‚
1117 2150 1161 2179 11.
1185 2159 1253 2188 pag.
1275 2147 1326 2187 59.

231 2208 258 2241 I.
281 2218 348 2246 pag.
371 2207 439 2236 465.
