1487 2625
504 165 916 209 CHEMICA.
1225 187 1275 225 55

645 300 678 348 ς’.
733 306 771 340 6.

320 427 380 465 De
410 428 571 468 Creosoti
603 435 783 476 relatione
816 438 871 475 ad
900 439 1066 491 Corpora
1079 470 1092 489 ‚

197 508 292 545 quac
318 500 498 537 oriuntur
528 503 793 544 combinatione
819 509 940 546 baseos
971 523 1052 548 cum
1082 512 1210 559 acido,

377 600 379 604 .
400 578 438 608 ct
464 583 559 619 quae
582 574 681 611 salia
710 585 891 615 vocamur
914 580 998 628 (ι).

166 697 293 742 v‚Haec
319 711 477 749 corpora
513 712 592 742 tum
627 707 794 755 inprimis
823 722 987 760 magnam
1020 715 1253 759 acl-Creosov

139 774 218 805 tum
250 768 459 810 affinitatem
491 773 624 813 habere
657 778 856 826 videntur,
897 784 1046 829 quando
1085 795 1173 823 sunt
1217 785 1254 824 in

136 837 353 877 conditione
383 844 721 889 cryrtallisationis.

180 906 587 951 Chloruretumvcalcii
625 916 663 952 in
699 919 887 957 Creosoto
914 922 1098 972 solvitur;
1136 927 1255 975 adjec-

133 975 173 1012 ta
205 985 326 1016 autem
367 992 481 1028 parva
520 995 637 1031 aquae
671 988 904 1036 quantitate3
959 993 1100 1030 solutio
1139 995 1250 1033 citius

132 1045 266 1085 oritur.
318 1049 421 1088 Haec
449 1064 559 1090 causa
583 1063 665 1101 est,
694 1068 761 1094 cur
785 1069 860 1095 non
885 1062 1110 1101 Creosotum
1127 1093 1139 1109 ‚
1167 1066 1249 1102 des-

129 1115 313 1156 tillatione
349 1131 422 1168 ope
450 1122 561 1171 hujus
590 1125 794 1164 chlorureti
817 1130 950 1176 calcii,
978 1132 1023 1168 ab
1048 1134 1148 1170 omni
1180 1145 1245 1171 sua

128 1197 233 1233 aqua>
255 1189 377 1235 possit
412 1191 572 1231 liberari.
628 1195 667 1232 Si
703 1197 795 1234 enim
832 1199 912 1237 talis
950 1202 1149 1240 destillatio
1191 1204 1244 1242 in:-

127 1254 325 1304 stituitur,
353 1270 448 1307 aqua
485 1263 698 1311 excutitur,
738 1279 830 1313 quae
859 1278 936 1307 tum
967 1282 1049 1308 cum
1080 1274 1242 1311 Creoso-

127 1333 166 1362 to
197 1327 342 1365 transit.
397 1329 634 1378 Superfluum
673 1337 725 1372 sal
754 1336 790 1373 in
819 1336 936 1376 fundo
977 1350 1136 1380 retortae
1161 1353 1238 1384 tum

124 1394 414 1444 praecipitatur,
455 1401 552 1438 unde
573 1430 585 1447 ‚
623 1406 823 1444 secundum
851 1408 1238 1460 Reichenbach.,

123 1471 194 1506 tarn
227 1465 425 1505 vehemens
462 1472 625 1517 pulsatio
665 1475 810 1522 oritur,
852 1488 892 1516 ut
928 1481 1126 1520 destillatio
1158 1495 1236 1522 non

121 1536 294 1582 progredi
327 1539 463 1584 possit.
518 1541 631 1590 Quod
668 1545 746 1593 (uti
772 1558 884 1595 supra
916 1550 987 1596 jam
1025 1553 1236 1591 monuimus

122 1605 158 1649 §.
185 1616 251 1646 210·
293 1618 365 1654 qua
392 1609 451 1652 ¹de
484 1613 632 1658 parandi
671 1616 847 1654 methodo
880 1622 1081 1659 secundum
1122 1624 1232 1661 Del-

120 1672 214 1711 buc
237 1676 443 1726 egimus),
479 1692 556 1718 non
592 1683 786 1723 obtinebat
809 1687 846 1724 in
882 1689 1130 1740 destillatione
1168 1695 1235 1742 hy-

118 1744 231 1782 dratis
267 1746 440 1786 Creosoti
478 1763 562 1789 cum
605 1754 818 1793 chlorureto
853 1759 971 1798 calcii.
1014 1761 1229 1800 Substantia

116 1814 383 1864 praecipitata,
411 1819 443 1855 si
468 1822 671 1861 exsiccatur
701 1825 797 1864 inter
828 1828 987 1866 lamellas
1020 1832 1226 1870 chartaceas

118 1884 379 1932 tenuissimas,
407 1897 443 1925 et
468 1891 550 1928 dein
583 1893 620 1929 in
650 1906 745 1941 aqua
772 1898 960 1944 solvitur,
987 1901 1226 1948 conjunctum

118 1952 633 2008 Creosotum·separabitur;
671 1976 765 2010 quae
806 1968 986 2014 separatio
1013 1969 1125 2017 igitur
1157 1985 1227 2021 ope

1113 2054 1228 2090 aquae

158 2124 206 2165 (1)
229 2125 301 2156 Huc
326 2128 420 2157 etiam
452 2130 531 2160 mihi
556 2132 706 2164 videntur
734 2145 768 2165 ea
800 2147 936 2176 corpora
963 2141 1125 2178 pertinere
1147 2148 1226 2183 quau

117 2176 337 2210 Berzelius
371 2182 445 2211 salia
474 2183 619 2216 haloitlea
647 2198 757 2225 voeat,
782 2195 813 2219 el:
839 2196 987 2232 tanquam
1012 2198 1228 2230 combinatio-

117 2240 172 2260 nes
191 2232 330 2263 bium-ias
351 2246 521 2276 corporum
545 2240 734 2279 simplicium
758 2244 950 2275 considerat.
