1487 2625
364 192 953 234 'rHEOLoG10A.
1161 209 1209 246 73

104 301 301 352 pertinent.
354 304 405 341 Et
436 311 532 340 recte
562 314 647 341 sane
675 302 893 341 Socrates
920 315 988 352 pro
1020 303 1208 352 consilio,

105 373 209 421 quod
245 373 294 410 ob
323 372 666 419 oculoshabebat,
708 374 772 410 has
809 383 950 412 tantum
993 375 1211 422 complexus

106 450 176 480 est.
225 442 360 484 Voluit
383 443 478 480 enim
507 443 682 490 religione
708 442 845 480 amicos
873 444 917 480 ad
944 446 1214 495 καιλοκᾳγοέθιαιν

104 511 325 558 informare;
355 523 431 552 non
460 513 626 562 aliquam
652 511 696 552 de
723 512 828 550 rebus
840 513 992 551 Divinis
1005 513 1214 552 doctrinam

104 582 263 619 tradere:
303 582 406 628 quod
438 582 628 630 negotium
663 581 819 629 inutile,
848 583 1031 631 impium,
1059 582 1216 631 periculi

104 652 254 698 plenum
292 650 477 698 sophistis
515 651 745 698 relinquebat
771 651 858 700 (ι).
926 653 1026 691 Hinc
1059 664 1135 691 non
1160 653 1216 690 in-

106 720 269 768 quisivit
287 720 323 757 in
350 731 409 758 eas
435 721 590 759 Divinae
624 731 791 759 naturae·
814 722 1084 770 proprietates,
1124 734 1217 770 quae

105 791 151 829 ad
188 789 329 828 modum
365 791 563 830 exsistendi
602 791 831 829 referuntur:
874 792 940 830 hae
969 793 1066 831 enim
1092 793 1216 831 et,vix

105 861 284 909 cognosci
302 869 492 910 possunt,
521 873 588 899 nec
611 863 780 911 cognitae
803 871 962 911 prosunt
983 863 1028 901 ad
1047 863 1217 900 homines

106 931 301 978 regendos.

119 999 273 1048 „Quod
292 1000 337 1038 ad
355 1000 531 1044 rationem
548 1029 560 1047 ,
589 1013 662 1047 qua
687 1001 764 1039 illas
785 1010 1034 1049 proponeret,
1064 1001 1215 1038 attinet:

109 1080 168 1106 eas
193 1081 269 1108 non
293 1070 480 1114 derivabat
515 1082 534 1107 e
564 1073 763 1121 principiis
791 1073 1072 1122 metaphysicis,
1114 1082 1151 1108 v.
1180 1083 1215 1109 c.

109 1150 129 1176 e
161 1139 319 1177 notione
353 1152 487 1177 causae
509 1143 762 1189 riecessariae,·
801 1143 866 1178 sed
900 1153 959 1178 eas
997 1141 1219 1190 conspicuas

109 1209 327 1251 ostendebat
364 1209 402 1253 in
437 1209 546 1246 rebus
590 1207 707 1257 facti,
745 1209 783 1246 in
821 1214 922 1247 omni
947 1222 1065 1247 rerum
1092 1220 1220 1248 natura

108 1277 299 1325 sortisque
333 1279 511 1316 humanae
545 1279 813 1317 moderatione.
867 1279 972 1329 Quae
1009 1267 1097 1318 sane
1126 1280 1219 1320 ratio

110 1347 360 1385 efficacissime
384 1348 421 1384 in
447 1348 630 1385 hominem
658 1348 757 1396 agit:
799 1360 880 1386 nam
902 1351 1049 1396 rhomo,
1069 1351 1220 1398 quippe

109 1429 267 1465 ¹corpore
281 1417 434 1455 indutus
448 1445 460 1464 ‚
483 1426 518 1454 et
540 1419 710 1465 corporis
722 1429 794 1465 ope
804 1419 979 1466 pleraque
989 1419 1197 1468 percipiens
1208 1448 1220 1465 ,

109 1500 255 1536 semper
288 1487 402 1535 tnagis
436 1496 607 1525 movetur
634 1487 679 1524 iis
696 1515 708 1534 ,
748 1499 841 1534 quae
869 1488 1041 1526 sensibus
1067 1501 1107 1526 se
1131 1488 1223 1526 offe-

108 1567 219 1604 runt,
249 1569 358 1605 quam
378 1557 446 1604 iis,
475 1569 569 1605 quae
588 1567 710 1594 mente
729 1557 1000 1606 intelliguntur.
1015 1558 1222 1596 —DeInde

110 1628 330 1669 Socrates
359 1639 418 1665 eas
442 1627 672 1674 illustrabat,
700 1627 828 1676 petitis
855 1640 899 1666 ex
923 1629 1080 1666 humana
1093 1638 1222 1667 natura

110 1697 474 1745 comparationibus:
516 1708 600 1735 narn
637 1698 668 1734 si
697 1698 876 1735 humanae
903 1707 1082 1746 naturae,
1118 1709 1221 1737 tanto

110 1767 298 1813 inferiori,
326 1768 412 1804 haec
439 1768 548 1804 illave
569 1766 753 1815 perfectio
778 1768 891 1814 adsit,
922 1780 965 1806 eo
988 1770 1102 1817 magis
1129 1770 1221 1807 hanc

112 1837 341 1875 tribuendam
365 1848 447 1875 esse
466 1837 608 1876 divinae
633 1846 782 1876 naturae
797 1838 884 1888 (2).
922 1839 1036 1888 Quod
1057 1850 1222 1887 magnam

111 1907 274 1945 ostendit
311 1906 446 1955 ingenii
481 1908 631 1944 humani
665 1907 996 1946 existimationem:
1038 1919 1120 1946 nam
1157 1910 1221 1946 ha-

110 1977 219 2014 betur
253 1977 325 2014 hoc
366 1977 486 2025 imago
527 1977 660 2015 mentis
696 1976 866 2025 divinae,
913 1986 948 2015 et
981 1979 1087 2025 quasi
1116 1988 1220 2028 pate-

110 2045 237 2084 factio.

1133 2121 1220 2159 Por.

153 2205 208 2247 (1)
226 2208 278 2238 Cs-
299 2211 436 2242 Memor.
463 2208 491 2240 l.
510 2218 535 2240 1.
559 2207 587 2246 S
606 2219 653 2241 ιι.

155 2262 201 2302 (2)
227 2262 278 2293 Cf.
299 2265 396 2294 Blem-
420 2263 448 2294 I.
471 2274 498 2295 c·
524 2263 555 2295 4.
582 2267 611 2302 S·
636 2275 685 2305 170
