<?xml version="1.0" encoding="UTF-8"?>
<!DOCTYPE html PUBLIC "-//W3C//DTD XHTML 1.0 Transitional//EN"
    "http://www.w3.org/TR/xhtml1/DTD/xhtml1-transitional.dtd">
<html xmlns="http://www.w3.org/1999/xhtml" xml:lang="en" lang="en">
 <head>
  <title>
</title>
<meta http-equiv="Content-Type" content="text/html;charset=utf-8" />
  <meta name='ocr-system' content='tesseract 3.04.00' />
  <meta name='ocr-capabilities' content='ocr_page ocr_carea ocr_par ocr_line ocrx_word'/>
</head>
<body>
  <div class='ocr_page' id='page_1' title='image "annalesacademiae35rhen_0414.png"; bbox 0 0 1487 2625; ppageno 0'>
   <div class='ocr_carea' id='block_1_1' title="bbox 205 211 1079 259">
    <p class='ocr_par' dir='ltr' id='par_1_1' title="bbox 205 211 1079 259">
     <span class='ocr_line' id='line_1_1' title="bbox 205 211 1079 259; baseline 0 -9"><span class='ocrx_word' id='word_1_1' title='bbox 205 215 246 259; x_wconf 75' lang='lat'>64</span> <span class='ocrx_word' id='word_1_2' title='bbox 424 211 1079 252; x_wconf 85' lang='lat' dir='ltr'><strong>COMMENTATIO</strong></span> 
     </span>
    </p>
   </div>
   <div class='ocr_carea' id='block_1_2' title="bbox 200 318 1315 2250">
    <p class='ocr_par' dir='ltr' id='par_1_2' title="bbox 200 318 1315 2250">
     <span class='ocr_line' id='line_1_2' title="bbox 208 318 1307 368; baseline 0 -10"><span class='ocrx_word' id='word_1_3' title='bbox 208 332 251 359; x_wconf 86' lang='lat' dir='ltr'>ex</span> <span class='ocrx_word' id='word_1_4' title='bbox 291 320 411 358; x_wconf 89' lang='lat' dir='ltr'>animo</span> <span class='ocrx_word' id='word_1_5' title='bbox 451 320 634 358; x_wconf 87' lang='lat' dir='ltr'>addictum</span> <span class='ocrx_word' id='word_1_6' title='bbox 672 318 790 358; x_wconf 84' lang='lat' dir='ltr'>fuisse</span> <span class='ocrx_word' id='word_1_7' title='bbox 827 320 1042 367; x_wconf 84' lang='lat' dir='ltr'>vulgaribus</span> <span class='ocrx_word' id='word_1_8' title='bbox 1078 319 1307 368; x_wconf 74' lang='lat' dir='ltr'>antiquitatis</span> 
     </span>
     <span class='ocr_line' id='line_1_3' title="bbox 206 390 1308 438; baseline 0.001 -11"><span class='ocrx_word' id='word_1_9' title='bbox 206 390 446 438; x_wconf 86' lang='lat' dir='ltr'>opinionibus</span> <span class='ocrx_word' id='word_1_10' title='bbox 468 391 514 428; x_wconf 90' lang='lat' dir='ltr'>de</span> <span class='ocrx_word' id='word_1_11' title='bbox 525 390 774 436; x_wconf 84' lang='lat' dir='ltr'>divinatione,</span> <span class='ocrx_word' id='word_1_12' title='bbox 801 391 850 427; x_wconf 90' lang='lat' dir='ltr'>ita</span> <span class='ocrx_word' id='word_1_13' title='bbox 877 399 917 428; x_wconf 90' lang='lat' dir='ltr'>ut</span> <span class='ocrx_word' id='word_1_14' title='bbox 941 401 1018 428; x_wconf 92' lang='lat' dir='ltr'>non</span> <span class='ocrx_word' id='word_1_15' title='bbox 1041 391 1164 429; x_wconf 86' lang='lat' dir='ltr'>solum</span> <span class='ocrx_word' id='word_1_16' title='bbox 1178 401 1308 429; x_wconf 88' lang='lat' dir='ltr'>oracu-</span> 
     </span>
     <span class='ocr_line' id='line_1_4' title="bbox 202 446 1308 509; baseline 0.002 -13"><span class='ocrx_word' id='word_1_17' title='bbox 202 460 250 496; x_wconf 83' lang='lat' dir='ltr'>lis</span> <span class='ocrx_word' id='word_1_18' title='bbox 282 459 438 507; x_wconf 87' lang='lat' dir='ltr'>aliisque</span> <span class='ocrx_word' id='word_1_19' title='bbox 471 459 656 497; x_wconf 85' lang='lat' dir='ltr'>divinandi</span> <span class='ocrx_word' id='word_1_20' title='bbox 684 446 877 508; x_wconf 83' lang='lat' dir='ltr'>generibus</span> <span class='ocrx_word' id='word_1_21' title='bbox 913 468 1104 507; x_wconf 86' lang='lat' dir='ltr'>uteretur,</span> <span class='ocrx_word' id='word_1_22' title='bbox 1144 460 1208 498; x_wconf 88' lang='lat' dir='ltr'>sed</span> <span class='ocrx_word' id='word_1_23' title='bbox 1243 472 1308 509; x_wconf 91' lang='lat' dir='ltr'>pe-</span> 
     </span>
     <span class='ocr_line' id='line_1_5' title="bbox 203 528 1306 578; baseline 0.002 -12"><span class='ocrx_word' id='word_1_24' title='bbox 203 528 331 567; x_wconf 89' lang='lat' dir='ltr'>culiari</span> <span class='ocrx_word' id='word_1_25' title='bbox 377 540 529 577; x_wconf 89' lang='lat' dir='ltr'>quoque</span> <span class='ocrx_word' id='word_1_26' title='bbox 563 529 703 568; x_wconf 90' lang='lat' dir='ltr'>ratione</span> <span class='ocrx_word' id='word_1_27' title='bbox 738 530 838 568; x_wconf 89' lang='lat' dir='ltr'>Deos</span> <span class='ocrx_word' id='word_1_28' title='bbox 874 529 946 566; x_wconf 88' lang='lat' dir='ltr'>sibi</span> <span class='ocrx_word' id='word_1_29' title='bbox 982 541 1047 578; x_wconf 90' lang='lat' dir='ltr'>per</span> <span class='ocrx_word' id='word_1_30' title='bbox 1079 528 1306 568; x_wconf 75' lang='lat' dir='ltr'>daemonium</span> 
     </span>
     <span class='ocr_line' id='line_1_6' title="bbox 204 597 1310 647; baseline -0.001 -10"><span class='ocrx_word' id='word_1_31' title='bbox 204 599 358 638; x_wconf 88' lang='lat' dir='ltr'>consilia</span> <span class='ocrx_word' id='word_1_32' title='bbox 384 599 468 637; x_wconf 89' lang='lat' dir='ltr'>dare</span> <span class='ocrx_word' id='word_1_33' title='bbox 497 599 733 637; x_wconf 86' lang='lat' dir='ltr'>existimaret.</span> <span class='ocrx_word' id='word_1_34' title='bbox 798 599 840 636; x_wconf 94' lang='lat' dir='ltr'>In</span> <span class='ocrx_word' id='word_1_35' title='bbox 866 609 942 646; x_wconf 92' lang='lat' dir='ltr'>quo</span> <span class='ocrx_word' id='word_1_36' title='bbox 971 599 1002 636; x_wconf 91' lang='lat' dir='ltr'>si</span> <span class='ocrx_word' id='word_1_37' title='bbox 1027 597 1112 647; x_wconf 91' lang='lat' dir='ltr'>quis</span> <span class='ocrx_word' id='word_1_38' title='bbox 1135 598 1224 637; x_wconf 86' lang='lat' dir='ltr'>velit</span> <span class='ocrx_word' id='word_1_39' title='bbox 1246 609 1310 637; x_wconf 90' lang='lat' dir='ltr'>su-</span> 
     </span>
     <span class='ocr_line' id='line_1_7' title="bbox 204 667 1311 718; baseline -0.001 -11"><span class='ocrx_word' id='word_1_40' title='bbox 204 668 462 718; x_wconf 88' lang='lat' dir='ltr'>perstitionem</span> <span class='ocrx_word' id='word_1_41' title='bbox 499 670 578 717; x_wconf 90' lang='lat' dir='ltr'>ejus</span> <span class='ocrx_word' id='word_1_42' title='bbox 613 669 809 706; x_wconf 88' lang='lat' dir='ltr'>observare</span> <span class='ocrx_word' id='word_1_43' title='bbox 827 696 839 715; x_wconf 88' lang='lat'><strong>‚</strong></span> <span class='ocrx_word' id='word_1_44' title='bbox 878 677 914 705; x_wconf 93' lang='lat' dir='ltr'>et</span> <span class='ocrx_word' id='word_1_45' title='bbox 940 667 1025 705; x_wconf 90' lang='lat' dir='ltr'>inde</span> <span class='ocrx_word' id='word_1_46' title='bbox 1051 667 1311 716; x_wconf 85' lang='lat' dir='ltr'>opportunita-</span> 
     </span>
     <span class='ocr_line' id='line_1_8' title="bbox 203 735 1311 786; baseline -0.002 -9"><span class='ocrx_word' id='word_1_47' title='bbox 203 748 277 777; x_wconf 90' lang='lat' dir='ltr'>tem</span> <span class='ocrx_word' id='word_1_48' title='bbox 302 750 475 784; x_wconf 90' lang='lat' dir='ltr'>sumere,</span> <span class='ocrx_word' id='word_1_49' title='bbox 504 750 576 786; x_wconf 89' lang='lat' dir='ltr'>qua</span> <span class='ocrx_word' id='word_1_50' title='bbox 605 738 642 776; x_wconf 89' lang='lat' dir='ltr'>in</span> <span class='ocrx_word' id='word_1_51' title='bbox 669 737 919 776; x_wconf 87' lang='lat' dir='ltr'>Socratem</span> <span class='ocrx_word' id='word_1_52' title='bbox 946 737 1168 784; x_wconf 89' lang='lat' dir='ltr'>invehatur,</span> <span class='ocrx_word' id='word_1_53' title='bbox 1202 735 1311 775; x_wconf 83' lang='lat' dir='ltr'>facile</span> 
     </span>
     <span class='ocr_line' id='line_1_9' title="bbox 201 807 1312 856; baseline 0 -11"><span class='ocrx_word' id='word_1_54' title='bbox 201 809 239 847; x_wconf 91' lang='lat' dir='ltr'>id</span> <span class='ocrx_word' id='word_1_55' title='bbox 263 809 297 847; x_wconf 89' lang='lat' dir='ltr'>ei</span> <span class='ocrx_word' id='word_1_56' title='bbox 324 808 511 856; x_wconf 89' lang='lat' dir='ltr'>largimur.</span> <span class='ocrx_word' id='word_1_57' title='bbox 565 808 589 845; x_wconf 93' lang='lat' dir='ltr'>S</span> <span class='ocrx_word' id='word_1_58' title='bbox 605 816 799 844; x_wconf 91' lang='lat' dir='ltr'>ocrates</span> <span class='ocrx_word' id='word_1_59' title='bbox 828 807 1112 855; x_wconf 84' lang='lat' dir='ltr'>superstitiosus</span> <span class='ocrx_word' id='word_1_60' title='bbox 1137 816 1214 845; x_wconf 88' lang='lat' dir='ltr'>erat</span> <span class='ocrx_word' id='word_1_61' title='bbox 1230 833 1244 854; x_wconf 87' lang='lat'>,</span> <span class='ocrx_word' id='word_1_62' title='bbox 1273 815 1312 845; x_wconf 90' lang='lat' dir='ltr'>et</span> 
     </span>
     <span class='ocr_line' id='line_1_10' title="bbox 202 876 1310 925; baseline -0.003 -9"><span class='ocrx_word' id='word_1_63' title='bbox 202 877 417 916; x_wconf 88' lang='lat' dir='ltr'>adhaerebat</span> <span class='ocrx_word' id='word_1_64' title='bbox 457 876 576 925; x_wconf 89' lang='lat' dir='ltr'>patrio</span> <span class='ocrx_word' id='word_1_65' title='bbox 613 878 779 915; x_wconf 86' lang='lat' dir='ltr'>Deorum</span> <span class='ocrx_word' id='word_1_66' title='bbox 801 877 947 923; x_wconf 89' lang='lat' dir='ltr'>cultui,</span> <span class='ocrx_word' id='word_1_67' title='bbox 978 885 1019 915; x_wconf 91' lang='lat' dir='ltr'>ut</span> <span class='ocrx_word' id='word_1_68' title='bbox 1043 876 1172 915; x_wconf 87' lang='lat' dir='ltr'>deinde</span> <span class='ocrx_word' id='word_1_69' title='bbox 1194 876 1310 924; x_wconf 86' lang='lat' dir='ltr'>magis</span> 
     </span>
     <span class='ocr_line' id='line_1_11' title="bbox 204 946 1310 994; baseline 0 -11"><span class='ocrx_word' id='word_1_70' title='bbox 204 946 310 984; x_wconf 90' lang='lat' dir='ltr'>etiam</span> <span class='ocrx_word' id='word_1_71' title='bbox 351 947 581 984; x_wconf 87' lang='lat' dir='ltr'>videbimus:</span> <span class='ocrx_word' id='word_1_72' title='bbox 624 957 701 983; x_wconf 87' lang='lat' dir='ltr'>non</span> <span class='ocrx_word' id='word_1_73' title='bbox 735 955 855 984; x_wconf 88' lang='lat' dir='ltr'>autem</span> <span class='ocrx_word' id='word_1_74' title='bbox 879 946 1052 985; x_wconf 84' lang='lat' dir='ltr'>doctrina</span> <span class='ocrx_word' id='word_1_75' title='bbox 1073 956 1152 994; x_wconf 89' lang='lat' dir='ltr'>est,</span> <span class='ocrx_word' id='word_1_76' title='bbox 1178 946 1216 985; x_wconf 91' lang='lat' dir='ltr'>in</span> <span class='ocrx_word' id='word_1_77' title='bbox 1238 957 1310 994; x_wconf 90' lang='lat' dir='ltr'>qua</span> 
     </span>
     <span class='ocr_line' id='line_1_12' title="bbox 203 1015 1312 1065; baseline 0 -13"><span class='ocrx_word' id='word_1_78' title='bbox 203 1016 366 1053; x_wconf 86' lang='lat' dir='ltr'>cernitur</span> <span class='ocrx_word' id='word_1_79' title='bbox 396 1015 607 1053; x_wconf 87' lang='lat' dir='ltr'>Socratis</span> <span class='ocrx_word' id='word_1_80' title='bbox 634 1015 881 1063; x_wconf 81' lang='lat' dir='ltr'>praestantia3</span> <span class='ocrx_word' id='word_1_81' title='bbox 918 1015 999 1065; x_wconf 88' lang='lat' dir='ltr'>ipse</span> <span class='ocrx_word' id='word_1_82' title='bbox 1025 1016 1248 1064; x_wconf 80' lang='lat' dir='ltr'>profitetur,</span> <span class='ocrx_word' id='word_1_83' title='bbox 1275 1017 1312 1054; x_wconf 79' lang='lat' dir='ltr'>s&#39;e</span> 
     </span>
     <span class='ocr_line' id='line_1_13' title="bbox 203 1086 1310 1136; baseline 0 -14"><span class='ocrx_word' id='word_1_84' title='bbox 203 1097 274 1123; x_wconf 85' lang='lat' dir='ltr'>non</span> <span class='ocrx_word' id='word_1_85' title='bbox 287 1097 357 1123; x_wconf 78' lang='lat' dir='ltr'>esse</span> <span class='ocrx_word' id='word_1_86' title='bbox 377 1096 594 1136; x_wconf 81' lang='lat' dir='ltr'>magnopere</span> <span class='ocrx_word' id='word_1_87' title='bbox 615 1088 811 1134; x_wconf 78' lang='lat' dir='ltr'>sapientem</span> <span class='ocrx_word' id='word_1_88' title='bbox 824 1113 837 1132; x_wconf 91' lang='lat'>,</span> <span class='ocrx_word' id='word_1_89' title='bbox 863 1098 927 1123; x_wconf 77' lang='lat' dir='ltr'>nec</span> <span class='ocrx_word' id='word_1_90' title='bbox 947 1087 1064 1125; x_wconf 83' lang='lat' dir='ltr'>ullum</span> <span class='ocrx_word' id='word_1_91' title='bbox 1087 1086 1156 1124; x_wconf 79' lang='lat' dir='ltr'>sibi</span> <span class='ocrx_word' id='word_1_92' title='bbox 1167 1097 1239 1124; x_wconf 73' lang='lat' dir='ltr'>esse</span> <span class='ocrx_word' id='word_1_93' title='bbox 1251 1087 1310 1123; x_wconf 82' lang='lat' dir='ltr'>in·</span> 
     </span>
     <span class='ocr_line' id='line_1_14' title="bbox 202 1154 1309 1205; baseline -0.001 -13"><span class='ocrx_word' id='word_1_94' title='bbox 202 1164 350 1192; x_wconf 76' lang='lat' dir='ltr'>ventum</span> <span class='ocrx_word' id='word_1_95' title='bbox 374 1157 542 1205; x_wconf 79' lang='lat' dir='ltr'>sapiens,</span> <span class='ocrx_word' id='word_1_96' title='bbox 570 1167 616 1192; x_wconf 83' lang='lat' dir='ltr'>ex</span> <span class='ocrx_word' id='word_1_97' title='bbox 642 1157 765 1192; x_wconf 85' lang='lat' dir='ltr'>animo</span> <span class='ocrx_word' id='word_1_98' title='bbox 790 1168 853 1192; x_wconf 85' lang='lat' dir='ltr'>suo</span> <span class='ocrx_word' id='word_1_99' title='bbox 878 1164 1024 1193; x_wconf 82' lang='lat' dir='ltr'>natum.</span> <span class='ocrx_word' id='word_1_100' title='bbox 1077 1154 1118 1193; x_wconf 90' lang='lat' dir='ltr'>Si</span> <span class='ocrx_word' id='word_1_101' title='bbox 1139 1154 1224 1201; x_wconf 86' lang='lat' dir='ltr'>quis</span> <span class='ocrx_word' id='word_1_102' title='bbox 1252 1154 1309 1192; x_wconf 78' lang='lat' dir='ltr'>vi-</span> 
     </span>
     <span class='ocr_line' id='line_1_15' title="bbox 203 1223 1310 1273; baseline 0.001 -13"><span class='ocrx_word' id='word_1_103' title='bbox 203 1233 284 1261; x_wconf 87' lang='lat' dir='ltr'>rum</span> <span class='ocrx_word' id='word_1_104' title='bbox 309 1224 378 1261; x_wconf 88' lang='lat' dir='ltr'>rite</span> <span class='ocrx_word' id='word_1_105' title='bbox 401 1224 590 1261; x_wconf 86' lang='lat' dir='ltr'>aestimare</span> <span class='ocrx_word' id='word_1_106' title='bbox 616 1223 732 1270; x_wconf 88' lang='lat' dir='ltr'>velit,</span> <span class='ocrx_word' id='word_1_107' title='bbox 767 1223 938 1271; x_wconf 88' lang='lat' dir='ltr'>respiciat</span> <span class='ocrx_word' id='word_1_108' title='bbox 963 1225 1042 1273; x_wconf 82' lang='lat' dir='ltr'>eJ&#39;us</span> <span class='ocrx_word' id='word_1_109' title='bbox 1065 1223 1177 1261; x_wconf 90' lang='lat' dir='ltr'>vitam</span> <span class='ocrx_word' id='word_1_110' title='bbox 1192 1250 1207 1270; x_wconf 85' lang='lat'>,</span> <span class='ocrx_word' id='word_1_111' title='bbox 1231 1224 1310 1261; x_wconf 83' lang='lat' dir='ltr'>anl-</span> 
     </span>
     <span class='ocr_line' id='line_1_16' title="bbox 203 1291 1307 1342; baseline 0 -11"><span class='ocrx_word' id='word_1_112' title='bbox 203 1305 304 1332; x_wconf 90' lang='lat' dir='ltr'>mum</span> <span class='ocrx_word' id='word_1_113' title='bbox 331 1295 438 1342; x_wconf 74' lang='lat' dir='ltr'>ejtis,</span> <span class='ocrx_word' id='word_1_114' title='bbox 470 1293 515 1331; x_wconf 92' lang='lat' dir='ltr'>ad</span> <span class='ocrx_word' id='word_1_115' title='bbox 542 1293 713 1331; x_wconf 88' lang='lat' dir='ltr'>virtutem</span> <span class='ocrx_word' id='word_1_116' title='bbox 740 1304 775 1330; x_wconf 87' lang='lat' dir='ltr'>et</span> <span class='ocrx_word' id='word_1_117' title='bbox 801 1293 1014 1341; x_wconf 85' lang='lat' dir='ltr'>religionem</span> <span class='ocrx_word' id='word_1_118' title='bbox 1041 1291 1307 1341; x_wconf 78' lang='lat' dir='ltr'>informatum3</span> 
     </span>
     <span class='ocr_line' id='line_1_17' title="bbox 202 1363 1310 1411; baseline -0.001 -10"><span class='ocrx_word' id='word_1_119' title='bbox 202 1364 346 1401; x_wconf 87' lang='lat' dir='ltr'>valebat</span> <span class='ocrx_word' id='word_1_120' title='bbox 379 1374 492 1400; x_wconf 90' lang='lat' dir='ltr'>sensu</span> <span class='ocrx_word' id='word_1_121' title='bbox 516 1363 645 1400; x_wconf 88' lang='lat' dir='ltr'>morali</span> <span class='ocrx_word' id='word_1_122' title='bbox 675 1371 712 1400; x_wconf 88' lang='lat' dir='ltr'>et</span> <span class='ocrx_word' id='word_1_123' title='bbox 738 1363 940 1411; x_wconf 85' lang='lat' dir='ltr'>religioso,</span> <span class='ocrx_word' id='word_1_124' title='bbox 975 1372 1010 1400; x_wconf 93' lang='lat' dir='ltr'>et</span> <span class='ocrx_word' id='word_1_125' title='bbox 1036 1373 1186 1400; x_wconf 84' lang='lat' dir='ltr'>sensum</span> <span class='ocrx_word' id='word_1_126' title='bbox 1210 1363 1310 1401; x_wconf 92' lang='lat' dir='ltr'>hunc</span> 
     </span>
     <span class='ocr_line' id='line_1_18' title="bbox 203 1431 1311 1481; baseline -0.002 -10"><span class='ocrx_word' id='word_1_127' title='bbox 203 1433 413 1481; x_wconf 85' lang='lat' dir='ltr'>religiosum</span> <span class='ocrx_word' id='word_1_128' title='bbox 441 1431 623 1480; x_wconf 83' lang='lat' dir='ltr'>imprimis</span> <span class='ocrx_word' id='word_1_129' title='bbox 650 1444 736 1480; x_wconf 89' lang='lat' dir='ltr'>prae</span> <span class='ocrx_word' id='word_1_130' title='bbox 764 1443 806 1470; x_wconf 91' lang='lat' dir='ltr'>se</span> <span class='ocrx_word' id='word_1_131' title='bbox 829 1431 902 1469; x_wconf 90' lang='lat' dir='ltr'>fert</span> <span class='ocrx_word' id='word_1_132' title='bbox 918 1432 1006 1470; x_wconf 86' lang='lat' dir='ltr'>haec</span> <span class='ocrx_word' id='word_1_133' title='bbox 1025 1432 1070 1470; x_wconf 92' lang='lat' dir='ltr'>de</span> <span class='ocrx_word' id='word_1_134' title='bbox 1083 1431 1311 1470; x_wconf 88' lang='lat' dir='ltr'>divinatione</span> 
     </span>
     <span class='ocr_line' id='line_1_19' title="bbox 204 1501 1312 1552; baseline -0.004 -10"><span class='ocrx_word' id='word_1_135' title='bbox 204 1505 351 1552; x_wconf 90' lang='lat' dir='ltr'>opinio.</span> <span class='ocrx_word' id='word_1_136' title='bbox 407 1503 501 1541; x_wconf 87' lang='lat' dir='ltr'>Nam</span> <span class='ocrx_word' id='word_1_137' title='bbox 541 1501 630 1540; x_wconf 88' lang='lat' dir='ltr'>fides</span> <span class='ocrx_word' id='word_1_138' title='bbox 668 1501 889 1540; x_wconf 87' lang='lat' dir='ltr'>divinationi</span> <span class='ocrx_word' id='word_1_139' title='bbox 927 1501 1052 1539; x_wconf 87' lang='lat' dir='ltr'>habita</span> <span class='ocrx_word' id='word_1_140' title='bbox 1085 1501 1228 1540; x_wconf 87' lang='lat' dir='ltr'>duabus</span> <span class='ocrx_word' id='word_1_141' title='bbox 1257 1513 1312 1539; x_wconf 90' lang='lat' dir='ltr'>re-</span> 
     </span>
     <span class='ocr_line' id='line_1_20' title="bbox 203 1569 1310 1619; baseline -0.006 -4"><span class='ocrx_word' id='word_1_142' title='bbox 203 1576 272 1615; x_wconf 84' lang='lat' dir='ltr'>bus</span> <span class='ocrx_word' id='word_1_143' title='bbox 308 1586 347 1615; x_wconf 90' lang='lat' dir='ltr'>se</span> <span class='ocrx_word' id='word_1_144' title='bbox 384 1573 647 1619; x_wconf 84' lang='lat' dir='ltr'>commendat,</span> <span class='ocrx_word' id='word_1_145' title='bbox 688 1582 780 1619; x_wconf 90' lang='lat' dir='ltr'>quas</span> <span class='ocrx_word' id='word_1_146' title='bbox 818 1571 855 1608; x_wconf 89' lang='lat' dir='ltr'>in</span> <span class='ocrx_word' id='word_1_147' title='bbox 892 1571 1067 1609; x_wconf 89' lang='lat' dir='ltr'>omnibus</span> <span class='ocrx_word' id='word_1_148' title='bbox 1104 1570 1156 1609; x_wconf 90' lang='lat' dir='ltr'>illi</span> <span class='ocrx_word' id='word_1_149' title='bbox 1195 1569 1310 1608; x_wconf 87' lang='lat' dir='ltr'>errori</span> 
     </span>
     <span class='ocr_line' id='line_1_21' title="bbox 200 1642 1310 1695; baseline -0.009 -7"><span class='ocrx_word' id='word_1_150' title='bbox 200 1648 378 1695; x_wconf 85' lang='lat' dir='ltr'>addictis,</span> <span class='ocrx_word' id='word_1_151' title='bbox 407 1646 472 1685; x_wconf 88' lang='lat' dir='ltr'>sed</span> <span class='ocrx_word' id='word_1_152' title='bbox 497 1643 684 1693; x_wconf 81' lang='lat' dir='ltr'>speciatim</span> <span class='ocrx_word' id='word_1_153' title='bbox 710 1643 747 1679; x_wconf 92' lang='lat' dir='ltr'>in</span> <span class='ocrx_word' id='word_1_154' title='bbox 775 1642 981 1680; x_wconf 89' lang='lat' dir='ltr'>Socrate</span> <span class='ocrx_word' id='word_1_155' title='bbox 1006 1651 1082 1679; x_wconf 89' lang='lat' dir='ltr'>non</span> <span class='ocrx_word' id='word_1_156' title='bbox 1108 1651 1310 1689; x_wconf 87' lang='lat' dir='ltr'>possumus</span> 
     </span>
     <span class='ocr_line' id='line_1_22' title="bbox 201 1709 1311 1758; baseline -0.011 0"><span class='ocrx_word' id='word_1_157' title='bbox 201 1731 279 1758; x_wconf 89' lang='lat' dir='ltr'>non</span> <span class='ocrx_word' id='word_1_158' title='bbox 304 1719 464 1758; x_wconf 88' lang='lat' dir='ltr'>laudare.</span> <span class='ocrx_word' id='word_1_159' title='bbox 518 1713 771 1754; x_wconf 87' lang='lat' dir='ltr'>Proficiscitur</span> <span class='ocrx_word' id='word_1_160' title='bbox 807 1712 902 1749; x_wconf 90' lang='lat' dir='ltr'>enim</span> <span class='ocrx_word' id='word_1_161' title='bbox 942 1723 986 1749; x_wconf 86' lang='lat' dir='ltr'>ex</span> <span class='ocrx_word' id='word_1_162' title='bbox 1009 1710 1129 1748; x_wconf 88' lang='lat' dir='ltr'>animo</span> <span class='ocrx_word' id='word_1_163' title='bbox 1163 1718 1198 1747; x_wconf 92' lang='lat' dir='ltr'>et</span> <span class='ocrx_word' id='word_1_164' title='bbox 1223 1709 1311 1747; x_wconf 88' lang='lat' dir='ltr'>inti-</span> 
     </span>
     <span class='ocr_line' id='line_1_23' title="bbox 202 1777 1311 1833; baseline -0.012 -5"><span class='ocrx_word' id='word_1_165' title='bbox 202 1802 261 1828; x_wconf 87' lang='lat' dir='ltr'>me</span> <span class='ocrx_word' id='word_1_166' title='bbox 292 1789 499 1833; x_wconf 85' lang='lat' dir='ltr'>sentiente,</span> <span class='ocrx_word' id='word_1_167' title='bbox 539 1785 707 1823; x_wconf 88' lang='lat' dir='ltr'>homines</span> <span class='ocrx_word' id='word_1_168' title='bbox 733 1777 981 1830; x_wconf 74' lang='lat' dir='ltr'>&#39;quacumque</span> <span class='ocrx_word' id='word_1_169' title='bbox 1015 1780 1053 1817; x_wconf 91' lang='lat' dir='ltr'>in</span> <span class='ocrx_word' id='word_1_170' title='bbox 1082 1791 1119 1817; x_wconf 90' lang='lat' dir='ltr'>re</span> <span class='ocrx_word' id='word_1_171' title='bbox 1149 1779 1311 1827; x_wconf 88' lang='lat' dir='ltr'>indigere</span> 
     </span>
     <span class='ocr_line' id='line_1_24' title="bbox 202 1837 1315 1901; baseline -0.011 -4"><span class='ocrx_word' id='word_1_172' title='bbox 202 1859 340 1897; x_wconf 86' lang='lat' dir='ltr'>auxilio</span> <span class='ocrx_word' id='word_1_173' title='bbox 388 1857 544 1901; x_wconf 81' lang='lat' dir='ltr'>divinO,</span> <span class='ocrx_word' id='word_1_174' title='bbox 597 1863 633 1891; x_wconf 89' lang='lat' dir='ltr'>et</span> <span class='ocrx_word' id='word_1_175' title='bbox 668 1853 775 1901; x_wconf 90' lang='lat' dir='ltr'>plane</span> <span class='ocrx_word' id='word_1_176' title='bbox 810 1852 974 1889; x_wconf 87' lang='lat' dir='ltr'>Deorum</span> <span class='ocrx_word' id='word_1_177' title='bbox 1013 1849 1210 1898; x_wconf 88' lang='lat' dir='ltr'>sapientiae</span> <span class='ocrx_word' id='word_1_178' title='bbox 1246 1837 1315 1886; x_wconf 51' lang='lat' dir='ltr'>bess</span> 
     </span>
     <span class='ocr_line' id='line_1_25' title="bbox 203 1917 1313 1978; baseline -0.011 -11"><span class='ocrx_word' id='word_1_179' title='bbox 203 1928 451 1978; x_wconf 84' lang='lat' dir='ltr'>nignitatique</span> <span class='ocrx_word' id='word_1_180' title='bbox 487 1923 721 1962; x_wconf 87' lang='lat' dir='ltr'>confidente:</span> <span class='ocrx_word' id='word_1_181' title='bbox 785 1931 940 1966; x_wconf 89' lang='lat' dir='ltr'>omnes,</span> <span class='ocrx_word' id='word_1_182' title='bbox 990 1919 1055 1968; x_wconf 86' lang='lat' dir='ltr'>qui</span> <span class='ocrx_word' id='word_1_183' title='bbox 1093 1917 1313 1957; x_wconf 89' lang='lat' dir='ltr'>divinationi</span> 
     </span>
     <span class='ocr_line' id='line_1_26' title="bbox 204 1988 1310 2048; baseline -0.013 -10"><span class='ocrx_word' id='word_1_184' title='bbox 204 2011 351 2048; x_wconf 85' lang='lat' dir='ltr'>operam</span> <span class='ocrx_word' id='word_1_185' title='bbox 391 1999 504 2042; x_wconf 83' lang='lat' dir='ltr'>dant,</span> <span class='ocrx_word' id='word_1_186' title='bbox 543 2006 587 2033; x_wconf 92' lang='lat' dir='ltr'>eo</span> <span class='ocrx_word' id='word_1_187' title='bbox 619 1994 702 2041; x_wconf 88' lang='lat' dir='ltr'>ipso</span> <span class='ocrx_word' id='word_1_188' title='bbox 730 1990 985 2040; x_wconf 85' lang='lat' dir='ltr'>patefaciunt,</span> <span class='ocrx_word' id='word_1_189' title='bbox 1025 2000 1064 2026; x_wconf 86' lang='lat' dir='ltr'>se</span> <span class='ocrx_word' id='word_1_190' title='bbox 1091 1989 1179 2026; x_wconf 84' lang='lat' dir='ltr'>haec</span> <span class='ocrx_word' id='word_1_191' title='bbox 1205 1988 1310 2034; x_wconf 85' lang='lat' dir='ltr'>duo,</span> 
     </span>
     <span class='ocr_line' id='line_1_27' title="bbox 206 2056 1314 2113; baseline -0.015 -4"><span class='ocrx_word' id='word_1_192' title='bbox 206 2080 244 2109; x_wconf 89' lang='lat' dir='ltr'>et</span> <span class='ocrx_word' id='word_1_193' title='bbox 269 2071 464 2108; x_wconf 87' lang='lat' dir='ltr'>humanam</span> <span class='ocrx_word' id='word_1_194' title='bbox 492 2065 730 2113; x_wconf 80' lang='lat' dir='ltr'>indigentiam</span> <span class='ocrx_word' id='word_1_195' title='bbox 767 2072 803 2099; x_wconf 89' lang='lat' dir='ltr'>et</span> <span class='ocrx_word' id='word_1_196' title='bbox 838 2061 1000 2099; x_wconf 86' lang='lat' dir='ltr'>Deorum</span> <span class='ocrx_word' id='word_1_197' title='bbox 1039 2057 1113 2096; x_wconf 90' lang='lat' dir='ltr'>vim</span> <span class='ocrx_word' id='word_1_198' title='bbox 1147 2056 1314 2105; x_wconf 89' lang='lat' dir='ltr'>benigni-</span> 
     </span>
     <span class='ocr_line' id='line_1_28' title="bbox 207 2127 1313 2186; baseline -0.014 -8"><span class='ocrx_word' id='word_1_199' title='bbox 207 2149 419 2186; x_wconf 82' lang='lat' dir='ltr'>tatemque,</span> <span class='ocrx_word' id='word_1_200' title='bbox 448 2135 664 2184; x_wconf 84' lang='lat' dir='ltr'>persentire.</span> <span class='ocrx_word' id='word_1_201' title='bbox 706 2133 819 2182; x_wconf 88' lang='lat' dir='ltr'>Quod</span> <span class='ocrx_word' id='word_1_202' title='bbox 838 2128 1017 2177; x_wconf 85' lang='lat' dir='ltr'>imprimis</span> <span class='ocrx_word' id='word_1_203' title='bbox 1044 2127 1082 2165; x_wconf 87' lang='lat' dir='ltr'>in</span> <span class='ocrx_word' id='word_1_204' title='bbox 1108 2127 1313 2164; x_wconf 87' lang='lat' dir='ltr'>Socrate</span> 
     </span>
     <span class='ocr_line' id='line_1_29' title="bbox 209 2195 1314 2250; baseline -0.014 -2"><span class='ocrx_word' id='word_1_205' title='bbox 209 2219 340 2248; x_wconf 85' lang='lat' dir='ltr'>nostro</span> <span class='ocrx_word' id='word_1_206' title='bbox 378 2205 727 2250; x_wconf 77' lang='lat' dir='ltr'>animadvertimu53</span> <span class='ocrx_word' id='word_1_207' title='bbox 768 2212 851 2239; x_wconf 86' lang='lat' dir='ltr'>nam</span> <span class='ocrx_word' id='word_1_208' title='bbox 892 2200 949 2236; x_wconf 87' lang='lat' dir='ltr'>hic</span> <span class='ocrx_word' id='word_1_209' title='bbox 986 2195 1203 2235; x_wconf 87' lang='lat' dir='ltr'>divinationi</span> <span class='ocrx_word' id='word_1_210' title='bbox 1238 2206 1314 2233; x_wconf 84' lang='lat' dir='ltr'>non</span> 
     </span>
    </p>
   </div>
   <div class='ocr_carea' id='block_1_3' title="bbox 212 2264 1318 2371">
    <p class='ocr_par' dir='ltr' id='par_1_3' title="bbox 212 2264 1318 2371">
     <span class='ocr_line' id='line_1_30' title="bbox 212 2264 1315 2331; baseline -0.014 -15"><span class='ocrx_word' id='word_1_211' title='bbox 212 2291 357 2331; x_wconf 79' lang='lat' dir='ltr'>operam</span> <span class='ocrx_word' id='word_1_212' title='bbox 401 2277 536 2322; x_wconf 87' lang='lat' dir='ltr'>dabat,</span> <span class='ocrx_word' id='word_1_213' title='bbox 574 2283 612 2313; x_wconf 82' lang='lat' dir='ltr'>nt</span> <span class='ocrx_word' id='word_1_214' title='bbox 653 2283 764 2311; x_wconf 79' lang='lat' dir='ltr'>vanae</span> <span class='ocrx_word' id='word_1_215' title='bbox 799 2270 941 2308; x_wconf 84' lang='lat' dir='ltr'>cuidam</span> <span class='ocrx_word' id='word_1_216' title='bbox 978 2265 1182 2305; x_wconf 84' lang='lat' dir='ltr'>curiositati</span> <span class='ocrx_word' id='word_1_217' title='bbox 1209 2264 1315 2302; x_wconf 85' lang='lat' dir='ltr'>satis-</span> 
     </span>
     <span class='ocr_line' id='line_1_31' title="bbox 1266 2332 1318 2371; baseline 0 0"><span class='ocrx_word' id='word_1_218' title='bbox 1266 2332 1318 2371; x_wconf 83' lang='lat' dir='ltr'>fa·</span> 
     </span>
    </p>
   </div>
  </div>
 </body>
</html>
