1487 2625
195 197 240 242 73
411 190 1076 235 COMMENTATIO

243 304 490 344 Solubilitatis
522 303 711 340 minimum
740 303 864 351 itaque
889 303 1032 342 invenit
1055 303 1142 342 Pis
1158 305 1311 355 cher,

189 375 385 412 maximum
426 384 512 410 vero
558 371 908 410 Guibourtin
952 372 1126 412 varietate
1167 385 1296 423 opaca.
1329 411 1331 413 ,

191 444 356 481 Tandem
386 442 605 480 monendum
623 471 635 489 ,
666 443 941 481 Guibourt
973 444 1159 483 invenisse
1183 457 1300 494 aquae

194 527 265 552 100
297 522 418 562 partes
446 522 534 561 post
560 512 787 561 refrigerium
822 513 911 561 (44⁰
935 513 1005 560 F.)
1047 514 1192 553 solutas
1223 526 1301 554 ser·-

187 595 294 623 vasse
327 584 418 622 acidi
443 583 550 632 opaci
591 596 672 630 2‚4,
707 583 814 621 vitrei
842 594 931 620 vero
971 586 1075 631 1,78.
1105 595 1186 632 quo
1214 595 1301 623 cum

187 638 322 693 eventu
349 653 425 692 fere
449 654 676 692 conveniunt
708 653 858 691 inventa
889 665 910 691 a
944 654 1077 703 Klap
1092 665 1145 692 ro
1161 649 1299 703 thio,

184 725 249 773 qui
274 735 363 774 post
389 724 616 774 refrigerium
653 725 690 763 in
721 726 843 762 eadem
866 735 981 771 aquae
1006 726 1211 773 quantitate
1232 733 1299 763 ve-

181 797 265 834 neni
302 804 424 844 partes
459 808 479 844 3
510 806 694 833 remanere
723 795 819 833 vidit
846 793 944 845 (1),
971 795 1059 832 dum
1088 795 1126 833 in
1153 794 1300 844 experi-

181 866 341 913 mentis,
383 878 477 913 quae
508 866 589 914 ipse
614 865 760 903 institui
796 865 913 903 media
939 865 1163 913 quantitatas
1203 868 1307 915 2-,83r

179 937 374 985 aequabat.
401 937 545 974 Deinde
570 935 683 985 oxydi
706 935 876 974 Arsenici
902 938 993 984 8,14
1020 935 1119 974 solvi
1158 935 1197 973 in
1224 947 1296 975 100

179 1007 349 1056 partibus
395 1018 512 1055 aquae
551 1005 764 1044 ebullientis
808 1005 983 1044 invenio:
1035 1012 1158 1054 partes
1203 1015 1295 1044 vero

177 1088 268 1126 0,93
289 1107 300 1122 ,
352 1077 390 1114 in
427 1087 544 1124 aquae
590 1076 712 1114 eadam
761 1074 989 1123 quantitate,
1047 1083 1293 1124 temperatura

176 1145 319 1195 vulgari
339 1147 446 1195 (2),
489 1158 566 1193 quo
599 1155 699 1194 patet
736 1157 867 1194 aquam
904 1144 1073 1195 frigidam
1111 1147 1293 1185 minorem

175 1218 321 1255 solvere
334 1217 504 1255 Arsenici
531 1219 769 1264 quantitatem
785 1245 799 1264 ,
828 1228 938 1265 quam
973 1217 1098 1264 illam,
1121 1227 1215 1264 quae
1251 1215 1296 1255 inv

176 1298 271 1334 aqua
308 1295 498 1334 remanet,
526 1287 557 1324 si
591 1296 694 1325 antea
725 1287 770 1324 ad
805 1286 1060 1324 ebullitionem
1095 1297 1217 1334 usque
1248 1296 1291 1325 ea

173 1354 286 1394 fuerit
325 1356 497 1395 calefacta
536 1368 648 1405 atque
676 1356 886 1406 refrigerata
927 1357 1118 1406 deinceps.
1181 1356 1286 1395 Num

174 1429 317 1467 tandem
345 1430 467 1476 ipsum
485 1428 657 1466 Arsenici
687 1429 862 1476 Oxydurn
890 1430 1123 1466 immutatum
1142 1427 1202 1465 vel
1225 1427 1290 1465 de-

175 1510 274 1536 mum
313 1508 403 1547 post
440 1507 635 1537 attractum
675 1499 913 1548 Oxygenium
959 1498 1157 1543 solvatur,
1195 1508 1284 1534 num

173 1569 315 1608 diversa
353 1569 562 1607 solubilitas
602 1581 622 1606 a
660 1569 805 1606 diversa
843 1569 1002 1617 pendeat
1049 1566 1286 1605 cohaesionis

174 1639 235 1683 vi,
265 1638 388 1676 minus
417 1639 488 1676 huc
514 1639 696 1687 pertinere
725 1638 896 1676 videtur.
921 1649 996 1685 quo
1024 1636 1176 1675 nonnisi
1198 1647 1287 1686 pro·

175 1709 374 1757 prietates,
402 1719 514 1747 sensu
553 1708 695 1747 medico
722 1708 861 1747 forensi
896 1716 1106 1757 spectatae,
1142 1709 1286 1747 traden-

171 1779 235 1819 dae
258 1790 346 1818 sunt
368 1779 450 1827 (3).

1167 1887 1285 1928 Aliud

302 1982 309 1989 .
352 1981 358 1987 .
406 1978 414 1988 .
476 1958 507 1988 8.

211 1961 262 2054 ἓξ
286 1961 563 2043 ἒῂοέτιάαεῖυοετε
572 2019 620 2039 me
642 2007 816 2048 neglexisse
828 2028 837 2044 ‚
852 2016 933 2047 quae
947 2005 1021 2036 Kla
1034 2015 1053 2044 p
1064 2015 1106 2034 ro
1118 2003 1157 2034 th
1171 2004 1210 2034 de
1223 2014 1282 2034 so·-

172 2069 332 2098 labilitate
348 2067 406 2096 hac
427 2066 485 2095 sub
509 2063 691 2095 conditione
716 2061 851 2091 invenit.

217 2123 272 2161 (3)
296 2122 444 2151 Diversas
459 2117 597 2147 theorias
611 2119 848 2154 proposuerunt
861 2111 983 2142 Fisch
994 2122 1010 2140 e
1022 2122 1037 2140 r
1049 2132 1058 2147 ‚
1075 2110 1097 2141 S
1108 2109 1154 2140 ch
1165 2111 1276 2151 weig-

171 2190 217 2220 ge
234 2188 276 2207 ra
302 2178 418 2206 Journ.
436 2172 487 2202 sd.
511 2171 574 2201 Vl.
596 2181 628 2208 p.
655 2169 725 2200 331.
747 2168 816 2197 ibid
845 2169 932 2197 1812.
958 2177 991 2204 p.
1015 2163 1276 2203 155.—Link‚

168 2235 192 2264 l.
220 2243 247 2262 c.
275 2241 306 2269 p.
328 2229 446 2269 274.—
469 2226 499 2255 D
516 2228 534 2255 ὖ
553 2225 561 2253 1
578 2224 594 2252 k
609 2246 617 2259 ,
641 2225 672 2253 d.
694 2225 826 2252 Preuss.
848 2219 1030 2250 Plzarmak.
1051 2217 1108 2247 de.
1130 2217 1158 2248 I·
1178 2229 1211 2257 p.
1225 2229 1278 2259 97.

170 2287 224 2316 Cf.
247 2282 442 2318 Richter,
469 2279 493 2310 1.
515 2290 543 2309 c.
571 2289 603 2317 p.
630 2277 703 2309 668.
736 2285 826 2315 seqq.
850 2285 887 2296 b
921 2271 1102 2309 Blume‚
1128 2271 1276 2354 Dsss-Ade

1241 2336 1277 2354 r..
