<?xml version="1.0" encoding="UTF-8"?>
<!DOCTYPE html PUBLIC "-//W3C//DTD XHTML 1.0 Transitional//EN"
    "http://www.w3.org/TR/xhtml1/DTD/xhtml1-transitional.dtd">
<html xmlns="http://www.w3.org/1999/xhtml" xml:lang="en" lang="en">
 <head>
  <title>
</title>
<meta http-equiv="Content-Type" content="text/html;charset=utf-8" />
  <meta name='ocr-system' content='tesseract 3.04.00' />
  <meta name='ocr-capabilities' content='ocr_page ocr_carea ocr_par ocr_line ocrx_word'/>
</head>
<body>
  <div class='ocr_page' id='page_1' title='image "annalesacademiae35rhen_0407.png"; bbox 0 0 1487 2625; ppageno 0'>
   <div class='ocr_carea' id='block_1_1' title="bbox 367 220 1210 268">
    <p class='ocr_par' dir='ltr' id='par_1_1' title="bbox 367 220 1210 268">
     <span class='ocr_line' id='line_1_1' title="bbox 367 220 1210 268; baseline -0.001 -9"><span class='ocrx_word' id='word_1_1' title='bbox 367 220 952 259; x_wconf 80' lang='lat' dir='ltr'><strong>THEOLOGICA.</strong></span> <span class='ocrx_word' id='word_1_2' title='bbox 1162 229 1210 268; x_wconf 83' lang='grc'>57</span> 
     </span>
    </p>
   </div>
   <div class='ocr_carea' id='block_1_2' title="bbox 105 324 1261 1144">
    <p class='ocr_par' dir='ltr' id='par_1_2' title="bbox 105 324 1261 727">
     <span class='ocr_line' id='line_1_2' title="bbox 105 324 1214 379; baseline -0.004 -9"><span class='ocrx_word' id='word_1_3' title='bbox 105 331 329 379; x_wconf 87' lang='lat' dir='ltr'>interrogare</span> <span class='ocrx_word' id='word_1_4' title='bbox 391 329 518 367; x_wconf 87' lang='lat' dir='ltr'>amicis</span> <span class='ocrx_word' id='word_1_5' title='bbox 572 329 689 367; x_wconf 85' lang='lat' dir='ltr'>suasit</span> <span class='ocrx_word' id='word_1_6' title='bbox 727 328 812 379; x_wconf 83' lang='grc' dir='ltr'>(ι).</span> <span class='ocrx_word' id='word_1_7' title='bbox 899 324 1084 367; x_wconf 85' lang='lat' dir='ltr'>Praeterea</span> <span class='ocrx_word' id='word_1_8' title='bbox 1133 328 1214 366; x_wconf 82' lang='lat' dir='ltr'>aiiis</span> 
     </span>
     <span class='ocr_line' id='line_1_3' title="bbox 107 398 1213 449; baseline -0.002 -11"><span class='ocrx_word' id='word_1_9' title='bbox 107 411 261 449; x_wconf 88' lang='lat' dir='ltr'>quoque</span> <span class='ocrx_word' id='word_1_10' title='bbox 282 400 399 449; x_wconf 87' lang='lat' dir='ltr'>signis</span> <span class='ocrx_word' id='word_1_11' title='bbox 428 399 656 438; x_wconf 87' lang='lat' dir='ltr'>existimasse</span> <span class='ocrx_word' id='word_1_12' title='bbox 682 398 828 437; x_wconf 88' lang='lat' dir='ltr'>videtur</span> <span class='ocrx_word' id='word_1_13' title='bbox 854 399 956 438; x_wconf 85' lang='lat' dir='ltr'>Deos</span> <span class='ocrx_word' id='word_1_14' title='bbox 983 399 1213 437; x_wconf 84' lang='lat' dir='ltr'>voluntatem</span> 
     </span>
     <span class='ocr_line' id='line_1_4' title="bbox 107 467 1220 519; baseline -0.005 -10"><span class='ocrx_word' id='word_1_15' title='bbox 107 482 211 509; x_wconf 89' lang='lat' dir='ltr'>suam</span> <span class='ocrx_word' id='word_1_16' title='bbox 237 470 471 519; x_wconf 84' lang='lat' dir='ltr'>significare,</span> <span class='ocrx_word' id='word_1_17' title='bbox 511 478 547 507; x_wconf 89' lang='lat' dir='ltr'>et</span> <span class='ocrx_word' id='word_1_18' title='bbox 569 469 720 506; x_wconf 89' lang='lat' dir='ltr'>consilia</span> <span class='ocrx_word' id='word_1_19' title='bbox 747 469 831 506; x_wconf 87' lang='lat' dir='ltr'>dare</span> <span class='ocrx_word' id='word_1_20' title='bbox 849 496 861 514; x_wconf 84' lang='lat'>,</span> <span class='ocrx_word' id='word_1_21' title='bbox 902 477 938 505; x_wconf 88' lang='lat' dir='ltr'>et</span> <span class='ocrx_word' id='word_1_22' title='bbox 964 468 1108 515; x_wconf 83' lang='lat' dir='ltr'>quidem</span> <span class='ocrx_word' id='word_1_23' title='bbox 1139 467 1220 505; x_wconf 84' lang='lat' dir='ltr'>tali-</span> 
     </span>
     <span class='ocr_line' id='line_1_5' title="bbox 108 534 1222 588; baseline -0.002 -10"><span class='ocrx_word' id='word_1_24' title='bbox 108 540 205 587; x_wconf 88' lang='lat' dir='ltr'>bus,</span> <span class='ocrx_word' id='word_1_25' title='bbox 245 540 291 578; x_wconf 87' lang='lat' dir='ltr'>ad</span> <span class='ocrx_word' id='word_1_26' title='bbox 329 551 421 588; x_wconf 88' lang='lat' dir='ltr'>quae</span> <span class='ocrx_word' id='word_1_27' title='bbox 462 539 696 588; x_wconf 83' lang='lat' dir='ltr'>intelligenda</span> <span class='ocrx_word' id='word_1_28' title='bbox 730 549 825 586; x_wconf 89' lang='lat' dir='ltr'>opus</span> <span class='ocrx_word' id='word_1_29' title='bbox 855 547 958 577; x_wconf 90' lang='lat' dir='ltr'>esset</span> <span class='ocrx_word' id='word_1_30' title='bbox 978 538 1099 586; x_wconf 88' lang='lat' dir='ltr'>aliqua</span> <span class='ocrx_word' id='word_1_31' title='bbox 1125 534 1222 586; x_wconf 83' lang='lat' dir='ltr'>peri-</span> 
     </span>
     <span class='ocr_line' id='line_1_6' title="bbox 111 607 1261 662; baseline -0.002 -14"><span class='ocrx_word' id='word_1_32' title='bbox 111 609 176 648; x_wconf 86' lang='lat' dir='ltr'><strong>tia.</strong></span> <span class='ocrx_word' id='word_1_33' title='bbox 228 608 329 647; x_wconf 90' lang='lat' dir='ltr'>Dicit</span> <span class='ocrx_word' id='word_1_34' title='bbox 364 608 488 654; x_wconf 89' lang='lat' dir='ltr'>euim,</span> <span class='ocrx_word' id='word_1_35' title='bbox 528 621 638 655; x_wconf 84' lang='lat' dir='ltr'>eum,</span> <span class='ocrx_word' id='word_1_36' title='bbox 680 607 746 656; x_wconf 88' lang='lat' dir='ltr'>qui</span> <span class='ocrx_word' id='word_1_37' title='bbox 776 609 903 654; x_wconf 73' lang='lat' dir='ltr'>novit,</span> <span class='ocrx_word' id='word_1_38' title='bbox 951 608 1082 658; x_wconf 81' lang='lat' dir='ltr'>quibus</span> <span class='ocrx_word' id='word_1_39' title='bbox 1113 607 1220 646; x_wconf 76' lang='lat' dir='ltr'>rebus</span> <span class='ocrx_word' id='word_1_40' title='bbox 1259 660 1261 662; x_wconf 21' lang='grc' dir='ltr'>Ι</span> 
     </span>
     <span class='ocr_line' id='line_1_7' title="bbox 109 676 1220 727; baseline 0 -11"><span class='ocrx_word' id='word_1_41' title='bbox 109 677 175 717; x_wconf 90' lang='lat' dir='ltr'>Dii</span> <span class='ocrx_word' id='word_1_42' title='bbox 201 677 417 715; x_wconf 89' lang='lat' dir='ltr'>hominibus</span> <span class='ocrx_word' id='word_1_43' title='bbox 442 676 568 722; x_wconf 87' lang='lat' dir='ltr'>futura</span> <span class='ocrx_word' id='word_1_44' title='bbox 589 676 821 726; x_wconf 83' lang='lat' dir='ltr'>significent,</span> <span class='ocrx_word' id='word_1_45' title='bbox 849 689 1040 727; x_wconf 81' lang='lat' dir='ltr'>nunquam</span> <span class='ocrx_word' id='word_1_46' title='bbox 1058 678 1220 716; x_wconf 84' lang='lat' dir='ltr'>Deorum</span> 
     </span>
    </p>

    <p class='ocr_par' dir='ltr' id='par_1_3' title="bbox 111 747 1227 1144">
     <span class='ocr_line' id='line_1_8' title="bbox 112 747 1223 796; baseline 0 -11"><span class='ocrx_word' id='word_1_47' title='bbox 112 747 253 786; x_wconf 88' lang='lat' dir='ltr'>auxilio</span> <span class='ocrx_word' id='word_1_48' title='bbox 293 747 512 786; x_wconf 88' lang='lat' dir='ltr'>destitutum</span> <span class='ocrx_word' id='word_1_49' title='bbox 561 747 633 794; x_wconf 82' lang='lat' dir='ltr'>iri3</span> <span class='ocrx_word' id='word_1_50' title='bbox 682 748 783 784; x_wconf 87' lang='lat' dir='ltr'>Deos</span> <span class='ocrx_word' id='word_1_51' title='bbox 822 757 977 794; x_wconf 90' lang='lat' dir='ltr'>quoque</span> <span class='ocrx_word' id='word_1_52' title='bbox 1012 747 1102 786; x_wconf 88' lang='lat' dir='ltr'>dicit</span> <span class='ocrx_word' id='word_1_53' title='bbox 1137 748 1223 796; x_wconf 91' lang='lat' dir='ltr'>pios</span> 
     </span>
     <span class='ocr_line' id='line_1_9' title="bbox 111 815 1221 866; baseline 0 -11"><span class='ocrx_word' id='word_1_54' title='bbox 111 817 172 855; x_wconf 88' lang='lat' dir='ltr'>sui</span> <span class='ocrx_word' id='word_1_55' title='bbox 187 817 350 856; x_wconf 91' lang='lat' dir='ltr'>cultores</span> <span class='ocrx_word' id='word_1_56' title='bbox 363 818 560 855; x_wconf 88' lang='lat' dir='ltr'>admonere</span> <span class='ocrx_word' id='word_1_57' title='bbox 574 817 619 854; x_wconf 92' lang='lat' dir='ltr'>de</span> <span class='ocrx_word' id='word_1_58' title='bbox 642 816 804 854; x_wconf 71' lang='lat' dir='ltr'>omnibus</span> <span class='ocrx_word' id='word_1_59' title='bbox 820 817 928 854; x_wconf 88' lang='lat' dir='ltr'>rebus</span> <span class='ocrx_word' id='word_1_60' title='bbox 944 816 1113 854; x_wconf 87' lang='lat' dir='ltr'>humanis</span> <span class='ocrx_word' id='word_1_61' title='bbox 1130 815 1221 866; x_wconf 85' lang='lat'>(2):</span> 
     </span>
     <span class='ocr_line' id='line_1_10' title="bbox 113 886 1226 936; baseline 0 -11"><span class='ocrx_word' id='word_1_62' title='bbox 113 899 208 936; x_wconf 86' lang='lat' dir='ltr'>quae</span> <span class='ocrx_word' id='word_1_63' title='bbox 231 895 331 925; x_wconf 86' lang='lat' dir='ltr'>certe</span> <span class='ocrx_word' id='word_1_64' title='bbox 358 898 435 924; x_wconf 90' lang='lat' dir='ltr'>non</span> <span class='ocrx_word' id='word_1_65' title='bbox 461 887 507 924; x_wconf 89' lang='lat' dir='ltr'>ad</span> <span class='ocrx_word' id='word_1_66' title='bbox 536 888 682 924; x_wconf 75' lang='lat' dir='ltr'>oracula</span> <span class='ocrx_word' id='word_1_67' title='bbox 706 886 887 924; x_wconf 72' lang='lat' dir='ltr'>‘omnibus</span> <span class='ocrx_word' id='word_1_68' title='bbox 913 888 1072 935; x_wconf 88' lang='lat' dir='ltr'>patentia</span> <span class='ocrx_word' id='word_1_69' title='bbox 1097 886 1226 925; x_wconf 89' lang='lat' dir='ltr'>referri</span> 
     </span>
     <span class='ocr_line' id='line_1_11' title="bbox 113 956 1224 1007; baseline -0.001 -11"><span class='ocrx_word' id='word_1_70' title='bbox 113 967 290 1006; x_wconf 88' lang='lat' dir='ltr'><strong>possunt.</strong></span> <span class='ocrx_word' id='word_1_71' title='bbox 367 958 555 1007; x_wconf 85' lang='lat' dir='ltr'><strong>Quaenam</strong></span> <span class='ocrx_word' id='word_1_72' title='bbox 595 957 671 994; x_wconf 83' lang='lat' dir='ltr'>sint</span> <span class='ocrx_word' id='word_1_73' title='bbox 706 956 794 994; x_wconf 88' lang='lat' dir='ltr'>haec</span> <span class='ocrx_word' id='word_1_74' title='bbox 834 957 938 1005; x_wconf 86' lang='lat' dir='ltr'>signa</span> <span class='ocrx_word' id='word_1_75' title='bbox 970 957 1224 1004; x_wconf 83' lang='lat' dir='ltr'>abstrusiora,</span> 
     </span>
     <span class='ocr_line' id='line_1_12' title="bbox 114 1025 1225 1076; baseline -0.001 -11"><span class='ocrx_word' id='word_1_76' title='bbox 114 1037 192 1065; x_wconf 86' lang='lat' dir='ltr'>uon</span> <span class='ocrx_word' id='word_1_77' title='bbox 215 1027 400 1076; x_wconf 88' lang='lat' dir='ltr'>explicat:</span> <span class='ocrx_word' id='word_1_78' title='bbox 429 1026 528 1064; x_wconf 87' lang='lat' dir='ltr'>forte</span> <span class='ocrx_word' id='word_1_79' title='bbox 554 1028 599 1065; x_wconf 90' lang='lat' dir='ltr'>ad</span> <span class='ocrx_word' id='word_1_80' title='bbox 625 1026 713 1064; x_wconf 85' lang='lat' dir='ltr'>haec</span> <span class='ocrx_word' id='word_1_81' title='bbox 739 1025 925 1065; x_wconf 86' lang='lat' dir='ltr'>referenda</span> <span class='ocrx_word' id='word_1_82' title='bbox 948 1036 1037 1065; x_wconf 88' lang='lat' dir='ltr'>suut</span> <span class='ocrx_word' id='word_1_83' title='bbox 1058 1027 1225 1076; x_wconf 82' lang='lat' dir='ltr'>somnia,</span> 
     </span>
     <span class='ocr_line' id='line_1_13' title="bbox 116 1095 1227 1144; baseline 0 -11"><span class='ocrx_word' id='word_1_84' title='bbox 116 1095 257 1144; x_wconf 86' lang='lat' dir='ltr'>quibus</span> <span class='ocrx_word' id='word_1_85' title='bbox 296 1098 551 1140; x_wconf 86' lang='lat' dir='ltr'>Socrates,</span> <span class='ocrx_word' id='word_1_86' title='bbox 593 1104 686 1133; x_wconf 87' lang='lat' dir='ltr'>teste</span> <span class='ocrx_word' id='word_1_87' title='bbox 712 1096 939 1142; x_wconf 89' lang='lat' dir='ltr'>Platone,</span> <span class='ocrx_word' id='word_1_88' title='bbox 981 1096 1086 1134; x_wconf 89' lang='lat' dir='ltr'>fidem</span> <span class='ocrx_word' id='word_1_89' title='bbox 1119 1096 1227 1133; x_wconf 87' lang='lat' dir='ltr'>habe-</span> 
     </span>
    </p>
   </div>
   <div class='ocr_carea' id='block_1_3' title="bbox 92 1165 1230 1215">
    <p class='ocr_par' dir='ltr' id='par_1_4' title="bbox 92 1165 1230 1215">
     <span class='ocr_line' id='line_1_14' title="bbox 92 1165 1230 1215; baseline 0 -12"><span class='ocrx_word' id='word_1_90' title='bbox 92 1195 94 1197; x_wconf 48' lang='grc'>,</span> <span class='ocrx_word' id='word_1_91' title='bbox 118 1165 182 1204; x_wconf 89' lang='lat' dir='ltr'>bat</span> <span class='ocrx_word' id='word_1_92' title='bbox 203 1165 287 1214; x_wconf 84' lang='lat'><strong>(3).</strong></span> <span class='ocrx_word' id='word_1_93' title='bbox 340 1165 534 1215; x_wconf 89' lang='lat' dir='ltr'>Quidquid</span> <span class='ocrx_word' id='word_1_94' title='bbox 568 1173 686 1202; x_wconf 89' lang='lat' dir='ltr'>autem</span> <span class='ocrx_word' id='word_1_95' title='bbox 726 1166 772 1203; x_wconf 90' lang='lat' dir='ltr'>de</span> <span class='ocrx_word' id='word_1_96' title='bbox 798 1165 854 1202; x_wconf 90' lang='lat' dir='ltr'>his</span> <span class='ocrx_word' id='word_1_97' title='bbox 879 1165 996 1212; x_wconf 86' lang='lat' dir='ltr'>signis</span> <span class='ocrx_word' id='word_1_98' title='bbox 1020 1165 1230 1204; x_wconf 84' lang='lat' dir='ltr'>existiman-</span> 
     </span>
    </p>
   </div>
   <div class='ocr_carea' id='block_1_4' title="bbox 116 1235 1232 1568">
    <p class='ocr_par' dir='ltr' id='par_1_5' title="bbox 116 1235 1232 1568">
     <span class='ocr_line' id='line_1_15' title="bbox 116 1235 1230 1284; baseline 0 -11"><span class='ocrx_word' id='word_1_99' title='bbox 116 1236 205 1273; x_wconf 89' lang='lat' dir='ltr'>dum</span> <span class='ocrx_word' id='word_1_100' title='bbox 238 1235 431 1279; x_wconf 81' lang='lat' dir='ltr'>videatur,</span> <span class='ocrx_word' id='word_1_101' title='bbox 472 1243 572 1272; x_wconf 89' lang='lat' dir='ltr'>certe</span> <span class='ocrx_word' id='word_1_102' title='bbox 612 1235 834 1272; x_wconf 85' lang='lat' dir='ltr'>Socrates</span> <span class='ocrx_word' id='word_1_103' title='bbox 870 1235 942 1272; x_wconf 86' lang='lat' dir='ltr'>sibi</span> <span class='ocrx_word' id='word_1_104' title='bbox 979 1236 1052 1284; x_wconf 92' lang='lat' dir='ltr'>ipsi</span> <span class='ocrx_word' id='word_1_105' title='bbox 1088 1236 1230 1274; x_wconf 84' lang='lat' dir='ltr'>ratione</span> 
     </span>
     <span class='ocr_line' id='line_1_16' title="bbox 119 1303 1227 1352; baseline 0.004 -11"><span class='ocrx_word' id='word_1_106' title='bbox 119 1304 275 1352; x_wconf 84' lang='lat' dir='ltr'>quadam</span> <span class='ocrx_word' id='word_1_107' title='bbox 340 1303 516 1351; x_wconf 83' lang='lat' dir='ltr'>peculiari</span> <span class='ocrx_word' id='word_1_108' title='bbox 576 1305 677 1342; x_wconf 90' lang='lat' dir='ltr'>Deos</span> <span class='ocrx_word' id='word_1_109' title='bbox 717 1305 874 1343; x_wconf 78' lang='lat' dir='ltr'>consilia</span> <span class='ocrx_word' id='word_1_110' title='bbox 921 1306 1006 1343; x_wconf 88' lang='lat' dir='ltr'>dare</span> <span class='ocrx_word' id='word_1_111' title='bbox 1068 1306 1227 1345; x_wconf 88' lang='lat' dir='ltr'>dicebat.</span> 
     </span>
     <span class='ocr_line' id='line_1_17' title="bbox 118 1375 1231 1426; baseline 0.004 -13"><span class='ocrx_word' id='word_1_112' title='bbox 118 1375 266 1423; x_wconf 87' lang='lat' dir='ltr'>Nempe</span> <span class='ocrx_word' id='word_1_113' title='bbox 281 1375 446 1422; x_wconf 87' lang='lat' dir='ltr'>dicebat,</span> <span class='ocrx_word' id='word_1_114' title='bbox 470 1375 544 1413; x_wconf 90' lang='lat' dir='ltr'>sibi</span> <span class='ocrx_word' id='word_1_115' title='bbox 559 1377 685 1415; x_wconf 88' lang='lat' dir='ltr'>adesse</span> <span class='ocrx_word' id='word_1_116' title='bbox 698 1377 863 1416; x_wconf 75' lang='lat' dir='ltr'>divinum</span> <span class='ocrx_word' id='word_1_117' title='bbox 877 1377 970 1426; x_wconf 75' lang='lat' dir='ltr'>quid</span> <span class='ocrx_word' id='word_1_118' title='bbox 978 1406 990 1425; x_wconf 87' lang='lat'><strong>‚</strong></span> <span class='ocrx_word' id='word_1_119' title='bbox 1013 1378 1182 1425; x_wconf 76' lang='grc' dir='ltr'><em>δαιμόνιόν</em></span> <span class='ocrx_word' id='word_1_120' title='bbox 1196 1394 1231 1418; x_wconf 76' lang='grc' dir='ltr'>τι</span> 
     </span>
     <span class='ocr_line' id='line_1_18' title="bbox 121 1445 1232 1497; baseline 0.002 -13"><span class='ocrx_word' id='word_1_121' title='bbox 121 1445 315 1496; x_wconf 88' lang='lat' dir='ltr'>(divinam</span> <span class='ocrx_word' id='word_1_122' title='bbox 352 1457 499 1489; x_wconf 70' lang='lat' dir='ltr'>vocem,</span> <span class='ocrx_word' id='word_1_123' title='bbox 537 1455 578 1483; x_wconf 90' lang='lat' dir='ltr'>ut</span> <span class='ocrx_word' id='word_1_124' title='bbox 612 1455 669 1483; x_wconf 90' lang='lat' dir='ltr'>est</span> <span class='ocrx_word' id='word_1_125' title='bbox 707 1448 806 1494; x_wconf 89' lang='lat' dir='ltr'>apud</span> <span class='ocrx_word' id='word_1_126' title='bbox 843 1448 1089 1497; x_wconf 83' lang='lat' dir='ltr'>Platonem),</span> <span class='ocrx_word' id='word_1_127' title='bbox 1129 1449 1232 1496; x_wconf 90' lang='lat' dir='ltr'>quod</span> 
     </span>
     <span class='ocr_line' id='line_1_19' title="bbox 121 1515 1231 1568; baseline 0.005 -16"><span class='ocrx_word' id='word_1_128' title='bbox 121 1526 232 1564; x_wconf 90' lang='lat' dir='ltr'>saepe</span> <span class='ocrx_word' id='word_1_129' title='bbox 254 1515 378 1564; x_wconf 89' lang='lat' dir='ltr'>ipsum</span> <span class='ocrx_word' id='word_1_130' title='bbox 403 1525 591 1553; x_wconf 89' lang='lat' dir='ltr'>revocaret</span> <span class='ocrx_word' id='word_1_131' title='bbox 616 1516 661 1553; x_wconf 84' lang='lat' dir='ltr'>ab</span> <span class='ocrx_word' id='word_1_132' title='bbox 688 1515 812 1565; x_wconf 86' lang='lat' dir='ltr'>aliqua</span> <span class='ocrx_word' id='word_1_133' title='bbox 841 1530 878 1555; x_wconf 85' lang='lat' dir='ltr'>re</span> <span class='ocrx_word' id='word_1_134' title='bbox 902 1517 1093 1566; x_wconf 83' lang='lat' dir='ltr'>facienda,</span> <span class='ocrx_word' id='word_1_135' title='bbox 1122 1531 1231 1568; x_wconf 83' lang='lat' dir='ltr'>saepe</span> 
     </span>
    </p>
   </div>
   <div class='ocr_carea' id='block_1_5' title="bbox 122 1585 1234 1704">
    <p class='ocr_par' dir='ltr' id='par_1_6' title="bbox 122 1585 1234 1704">
     <span class='ocr_line' id='line_1_20' title="bbox 124 1585 1230 1635; baseline 0.005 -13"><span class='ocrx_word' id='word_1_136' title='bbox 124 1585 231 1623; x_wconf 87' lang='lat' dir='ltr'>etiam</span> <span class='ocrx_word' id='word_1_137' title='bbox 253 1586 458 1633; x_wconf 86' lang='lat' dir='ltr'>impelleret</span> <span class='ocrx_word' id='word_1_138' title='bbox 484 1586 568 1634; x_wconf 84' lang='lat'><strong>(4).</strong></span> <span class='ocrx_word' id='word_1_139' title='bbox 596 1586 723 1635; x_wconf 87' lang='lat' dir='ltr'>Quum</span> <span class='ocrx_word' id='word_1_140' title='bbox 748 1587 819 1624; x_wconf 85' lang='lat' dir='ltr'>hoc</span> <span class='ocrx_word' id='word_1_141' title='bbox 845 1588 1065 1626; x_wconf 84' lang='lat' dir='ltr'>Socratis</span> <span class='ocrx_word' id='word_1_142' title='bbox 1092 1590 1230 1628; x_wconf 88' lang='lat' dir='ltr'>dictum</span> 
     </span>
     <span class='ocr_line' id='line_1_21' title="bbox 122 1655 1234 1704; baseline 0.007 -13"><span class='ocrx_word' id='word_1_143' title='bbox 122 1663 355 1692; x_wconf 85' lang='lat' dir='ltr'>accusatores</span> <span class='ocrx_word' id='word_1_144' title='bbox 379 1655 460 1704; x_wconf 86' lang='lat' dir='ltr'>ejus</span> <span class='ocrx_word' id='word_1_145' title='bbox 483 1666 526 1692; x_wconf 90' lang='lat' dir='ltr'>eo</span> <span class='ocrx_word' id='word_1_146' title='bbox 552 1656 646 1693; x_wconf 86' lang='lat' dir='ltr'>trahi</span> <span class='ocrx_word' id='word_1_147' title='bbox 672 1657 806 1694; x_wconf 89' lang='lat' dir='ltr'>vellent</span> <span class='ocrx_word' id='word_1_148' title='bbox 821 1686 832 1703; x_wconf 90' lang='lat'>‚</span> <span class='ocrx_word' id='word_1_149' title='bbox 861 1667 902 1696; x_wconf 87' lang='lat' dir='ltr'>ut</span> <span class='ocrx_word' id='word_1_150' title='bbox 923 1659 1088 1698; x_wconf 89' lang='lat' dir='ltr'>Deorum</span> <span class='ocrx_word' id='word_1_151' title='bbox 1114 1671 1234 1698; x_wconf 88' lang='lat' dir='ltr'>novo-</span> 
     </span>
    </p>
   </div>
   <div class='ocr_carea' id='block_1_6' title="bbox 124 1724 1235 1849">
    <p class='ocr_par' dir='ltr' id='par_1_7' title="bbox 124 1724 1235 1849">
     <span class='ocr_line' id='line_1_22' title="bbox 125 1724 1235 1775; baseline 0.006 -13"><span class='ocrx_word' id='word_1_152' title='bbox 125 1735 205 1762; x_wconf 87' lang='lat' dir='ltr'>rum</span> <span class='ocrx_word' id='word_1_153' title='bbox 243 1732 373 1760; x_wconf 87' lang='lat' dir='ltr'>auctor</span> <span class='ocrx_word' id='word_1_154' title='bbox 407 1724 602 1762; x_wconf 88' lang='lat' dir='ltr'>haberetur</span> <span class='ocrx_word' id='word_1_155' title='bbox 618 1753 631 1772; x_wconf 89' lang='lat'><strong>,</strong></span> <span class='ocrx_word' id='word_1_156' title='bbox 669 1727 866 1775; x_wconf 89' lang='lat' dir='ltr'>Xenoph</span> <span class='ocrx_word' id='word_1_157' title='bbox 880 1739 937 1766; x_wconf 89' lang='lat' dir='ltr'>on</span> <span class='ocrx_word' id='word_1_158' title='bbox 975 1730 1019 1768; x_wconf 89' lang='lat' dir='ltr'>de</span> <span class='ocrx_word' id='word_1_159' title='bbox 1054 1731 1124 1768; x_wconf 87' lang='lat' dir='ltr'>hoc</span> <span class='ocrx_word' id='word_1_160' title='bbox 1156 1732 1235 1769; x_wconf 90' lang='lat' dir='ltr'>So-</span> 
     </span>
     <span class='ocr_line' id='line_1_23' title="bbox 124 1793 1231 1849; baseline 0.008 -18"><span class='ocrx_word' id='word_1_161' title='bbox 124 1793 280 1832; x_wconf 87' lang='lat' dir='ltr'>cratis</span> <span class='ocrx_word' id='word_1_162' title='bbox 302 1795 409 1843; x_wconf 81' lang='lat' dir='ltr'>gem&#39;o</span> <span class='ocrx_word' id='word_1_163' title='bbox 425 1822 438 1841; x_wconf 82' lang='grc'>,</span> <span class='ocrx_word' id='word_1_164' title='bbox 467 1804 508 1832; x_wconf 85' lang='lat' dir='ltr'>ut</span> <span class='ocrx_word' id='word_1_165' title='bbox 534 1795 605 1833; x_wconf 83' lang='lat' dir='ltr'>dici</span> <span class='ocrx_word' id='word_1_166' title='bbox 629 1799 853 1845; x_wconf 78' lang='lat' dir='ltr'>consuevit,</span> <span class='ocrx_word' id='word_1_167' title='bbox 880 1798 919 1836; x_wconf 86' lang='lat' dir='ltr'>in</span> <span class='ocrx_word' id='word_1_168' title='bbox 943 1799 1039 1838; x_wconf 87' lang='lat' dir='ltr'>libro</span> <span class='ocrx_word' id='word_1_169' title='bbox 1054 1802 1231 1849; x_wconf 85' lang='lat' dir='ltr'>adipsum</span> 
     </span>
    </p>
   </div>
   <div class='ocr_carea' id='block_1_7' title="bbox 127 1873 1236 2123">
    <p class='ocr_par' dir='ltr' id='par_1_8' title="bbox 127 1873 1236 2123">
     <span class='ocr_line' id='line_1_24' title="bbox 1170 1873 1233 1909; baseline 0 0"><span class='ocrx_word' id='word_1_170' title='bbox 1170 1873 1233 1909; x_wconf 86' lang='lat' dir='ltr'>de-</span> 
     </span>
     <span class='ocr_line' id='line_1_25' title="bbox 168 1971 1236 2014; baseline 0.005 -11"><span class='ocrx_word' id='word_1_171' title='bbox 168 1971 216 2011; x_wconf 85' lang='lat'>(1)</span> <span class='ocrx_word' id='word_1_172' title='bbox 249 1971 302 2002; x_wconf 84' lang='lat' dir='ltr'>Cf.</span> <span class='ocrx_word' id='word_1_173' title='bbox 323 1973 463 2003; x_wconf 76' lang='lat' dir='ltr'>Memor.</span> <span class='ocrx_word' id='word_1_174' title='bbox 477 1972 503 2003; x_wconf 88' lang='lat'>1.</span> <span class='ocrx_word' id='word_1_175' title='bbox 519 1983 547 2002; x_wconf 91' lang='lat' dir='ltr'>c.</span> <span class='ocrx_word' id='word_1_176' title='bbox 561 1972 592 2003; x_wconf 83' lang='lat'>3.</span> <span class='ocrx_word' id='word_1_177' title='bbox 607 1975 640 2013; x_wconf 71' lang='lat'>§-</span> <span class='ocrx_word' id='word_1_178' title='bbox 653 1983 684 2004; x_wconf 85' lang='lat'>1.</span> <span class='ocrx_word' id='word_1_179' title='bbox 706 1972 770 2004; x_wconf 87' lang='lat' dir='ltr'>IV.</span> <span class='ocrx_word' id='word_1_180' title='bbox 797 1985 825 2005; x_wconf 86' lang='lat' dir='ltr'>c.</span> <span class='ocrx_word' id='word_1_181' title='bbox 839 1975 869 2004; x_wconf 83' lang='lat'>3.</span> <span class='ocrx_word' id='word_1_182' title='bbox 897 1977 923 2014; x_wconf 70' lang='lat'>§-</span> <span class='ocrx_word' id='word_1_183' title='bbox 937 1975 987 2006; x_wconf 84' lang='lat'>16.</span> <span class='ocrx_word' id='word_1_184' title='bbox 1013 1979 1045 2005; x_wconf 83' lang='lat' dir='ltr'>et</span> <span class='ocrx_word' id='word_1_185' title='bbox 1065 1977 1236 2008; x_wconf 73' lang='lat' dir='ltr'>Anabasis</span> 
     </span>
     <span class='ocr_line' id='line_1_26' title="bbox 127 2023 402 2065; baseline -0.011 -7"><span class='ocrx_word' id='word_1_186' title='bbox 127 2023 193 2058; x_wconf 66' lang='grc' dir='ltr'><strong>ΙΙΙ.</strong></span> <span class='ocrx_word' id='word_1_187' title='bbox 215 2035 243 2057; x_wconf 65' lang='lat' dir='ltr'>C·</span> <span class='ocrx_word' id='word_1_188' title='bbox 266 2033 296 2056; x_wconf 71' lang='grc' dir='ltr'>ιο</span> <span class='ocrx_word' id='word_1_189' title='bbox 319 2027 351 2065; x_wconf 72' lang='lat'>§-</span> <span class='ocrx_word' id='word_1_190' title='bbox 372 2024 402 2055; x_wconf 78' lang='lat'>5·</span> 
     </span>
     <span class='ocr_line' id='line_1_27' title="bbox 168 2077 1087 2123; baseline 0.005 -15"><span class='ocrx_word' id='word_1_191' title='bbox 168 2078 217 2118; x_wconf 92' lang='lat'>(2)</span> <span class='ocrx_word' id='word_1_192' title='bbox 251 2078 304 2109; x_wconf 83' lang='lat' dir='ltr'>Cf.</span> <span class='ocrx_word' id='word_1_193' title='bbox 324 2080 460 2109; x_wconf 87' lang='lat' dir='ltr'>Memor.</span> <span class='ocrx_word' id='word_1_194' title='bbox 473 2077 536 2109; x_wconf 92' lang='lat' dir='ltr'>lV.</span> <span class='ocrx_word' id='word_1_195' title='bbox 549 2090 622 2121; x_wconf 80' lang='lat' dir='ltr'>c.7.</span> <span class='ocrx_word' id='word_1_196' title='bbox 637 2081 666 2115; x_wconf 84' lang='lat'>§-</span> <span class='ocrx_word' id='word_1_197' title='bbox 681 2089 730 2111; x_wconf 84' lang='lat'>10.</span> <span class='ocrx_word' id='word_1_198' title='bbox 750 2098 770 2107; x_wconf 90' lang='lat'><em>-</em></span> <span class='ocrx_word' id='word_1_199' title='bbox 793 2080 821 2109; x_wconf 90' lang='lat' dir='ltr'>l.</span> <span class='ocrx_word' id='word_1_200' title='bbox 836 2090 865 2111; x_wconf 82' lang='lat' dir='ltr'>c.</span> <span class='ocrx_word' id='word_1_201' title='bbox 880 2090 909 2112; x_wconf 85' lang='lat'>1.</span> <span class='ocrx_word' id='word_1_202' title='bbox 925 2083 952 2117; x_wconf 72' lang='grc' dir='ltr'>ξ.</span> <span class='ocrx_word' id='word_1_203' title='bbox 965 2093 983 2122; x_wconf 88' lang='lat'><em>9</em></span> <span class='ocrx_word' id='word_1_204' title='bbox 998 2103 1009 2119; x_wconf 81' lang='grc'>,</span> <span class='ocrx_word' id='word_1_205' title='bbox 1036 2092 1087 2123; x_wconf 86' lang='lat'>¹9·</span> 
     </span>
    </p>
   </div>
   <div class='ocr_carea' id='block_1_8' title="bbox 128 2131 1239 2337">
    <p class='ocr_par' dir='ltr' id='par_1_9' title="bbox 128 2131 1239 2337">
     <span class='ocr_line' id='line_1_28' title="bbox 168 2131 1235 2175; baseline 0.006 -13"><span class='ocrx_word' id='word_1_206' title='bbox 168 2132 216 2172; x_wconf 80' lang='lat'>(3)</span> <span class='ocrx_word' id='word_1_207' title='bbox 252 2132 305 2163; x_wconf 78' lang='lat' dir='ltr'>Cf,</span> <span class='ocrx_word' id='word_1_208' title='bbox 327 2131 372 2164; x_wconf 84' lang='lat' dir='ltr'>Pl</span> <span class='ocrx_word' id='word_1_209' title='bbox 383 2134 515 2162; x_wconf 83' lang='lat' dir='ltr'>atonis</span> <span class='ocrx_word' id='word_1_210' title='bbox 534 2134 705 2175; x_wconf 80' lang='lat' dir='ltr'>Apologia</span> <span class='ocrx_word' id='word_1_211' title='bbox 727 2144 797 2173; x_wconf 88' lang='lat' dir='ltr'>cap.</span> <span class='ocrx_word' id='word_1_212' title='bbox 812 2134 932 2166; x_wconf 86' lang='lat' dir='ltr'><strong>XXII.</strong></span> <span class='ocrx_word' id='word_1_213' title='bbox 954 2136 1116 2171; x_wconf 79' lang='lat' dir='ltr'>Phaedon</span> <span class='ocrx_word' id='word_1_214' title='bbox 1128 2146 1157 2167; x_wconf 84' lang='lat' dir='ltr'>e.</span> <span class='ocrx_word' id='word_1_215' title='bbox 1172 2135 1235 2169; x_wconf 87' lang='lat' dir='ltr'>IV.</span> 
     </span>
     <span class='ocr_line' id='line_1_29' title="bbox 169 2183 1235 2231; baseline 0.007 -16"><span class='ocrx_word' id='word_1_216' title='bbox 169 2185 219 2226; x_wconf 87' lang='lat'>(4)</span> <span class='ocrx_word' id='word_1_217' title='bbox 251 2183 350 2224; x_wconf 85' lang='lat' dir='ltr'>Apud</span> <span class='ocrx_word' id='word_1_218' title='bbox 373 2184 590 2216; x_wconf 85' lang='lat' dir='ltr'>Platonem</span> <span class='ocrx_word' id='word_1_219' title='bbox 611 2187 788 2218; x_wconf 75' lang='lat' dir='ltr'>Socrate</span> <span class='ocrx_word' id='word_1_220' title='bbox 800 2199 814 2218; x_wconf 82' lang='lat' dir='ltr'>s</span> <span class='ocrx_word' id='word_1_221' title='bbox 834 2189 937 2226; x_wconf 84' lang='lat' dir='ltr'>dicit,</span> <span class='ocrx_word' id='word_1_222' title='bbox 970 2190 1054 2220; x_wconf 77' lang='lat' dir='ltr'>illud</span> <span class='ocrx_word' id='word_1_223' title='bbox 1073 2200 1235 2231; x_wconf 80' lang='lat' dir='ltr'>nunquam</span> 
     </span>
     <span class='ocr_line' id='line_1_30' title="bbox 128 2237 1239 2283; baseline 0.006 -15"><span class='ocrx_word' id='word_1_224' title='bbox 128 2248 161 2268; x_wconf 73' lang='lat' dir='ltr'>se</span> <span class='ocrx_word' id='word_1_225' title='bbox 194 2238 378 2277; x_wconf 80' lang='lat' dir='ltr'>impellere,</span> <span class='ocrx_word' id='word_1_226' title='bbox 413 2237 469 2268; x_wconf 85' lang='lat' dir='ltr'>sed</span> <span class='ocrx_word' id='word_1_227' title='bbox 501 2249 594 2278; x_wconf 81' lang='lat' dir='ltr'>saepe</span> <span class='ocrx_word' id='word_1_228' title='bbox 619 2250 769 2272; x_wconf 81' lang='lat' dir='ltr'>revocare</span> <span class='ocrx_word' id='word_1_229' title='bbox 783 2256 791 2280; x_wconf 70' lang='grc' dir='ltr'><strong><em>ς</em></strong></span> <span class='ocrx_word' id='word_1_230' title='bbox 825 2253 906 2283; x_wconf 82' lang='lat' dir='ltr'>quae</span> <span class='ocrx_word' id='word_1_231' title='bbox 933 2248 1022 2273; x_wconf 86' lang='lat' dir='ltr'>reete</span> <span class='ocrx_word' id='word_1_232' title='bbox 1051 2244 1239 2277; x_wconf 79' lang='lat' dir='ltr'>conciliasse</span> 
     </span>
     <span class='ocr_line' id='line_1_31' title="bbox 128 2290 1236 2337; baseline 0.009 -17"><span class='ocrx_word' id='word_1_233' title='bbox 128 2290 255 2326; x_wconf 81' lang='lat' dir='ltr'>videtur</span> <span class='ocrx_word' id='word_1_234' title='bbox 278 2291 308 2322; x_wconf 87' lang='lat' dir='ltr'>J.</span> <span class='ocrx_word' id='word_1_235' title='bbox 332 2291 375 2324; x_wconf 83' lang='lat' dir='ltr'>G.</span> <span class='ocrx_word' id='word_1_236' title='bbox 402 2291 424 2323; x_wconf 92' lang='lat' dir='ltr'><strong>S</strong></span> <span class='ocrx_word' id='word_1_237' title='bbox 437 2291 482 2323; x_wconf 89' lang='lat' dir='ltr'>ch</span> <span class='ocrx_word' id='word_1_238' title='bbox 493 2302 513 2323; x_wconf 86' lang='lat' dir='ltr'><strong>n</strong></span> <span class='ocrx_word' id='word_1_239' title='bbox 524 2290 639 2324; x_wconf 81' lang='lat' dir='ltr'>eider</span> <span class='ocrx_word' id='word_1_240' title='bbox 661 2295 700 2325; x_wconf 86' lang='lat' dir='ltr'>ad</span> <span class='ocrx_word' id='word_1_241' title='bbox 720 2296 817 2332; x_wconf 63' lang='lat' dir='ltr'>Mem.⁴</span> <span class='ocrx_word' id='word_1_242' title='bbox 840 2296 867 2328; x_wconf 90' lang='grc' dir='ltr'>Ι.</span> <span class='ocrx_word' id='word_1_243' title='bbox 883 2306 912 2328; x_wconf 91' lang='grc' dir='ltr'>ι.</span> <span class='ocrx_word' id='word_1_244' title='bbox 925 2297 958 2328; x_wconf 83' lang='grc'>4.</span> <span class='ocrx_word' id='word_1_245' title='bbox 971 2296 1062 2328; x_wconf 81' lang='lat' dir='ltr'>Edit.</span> <span class='ocrx_word' id='word_1_246' title='bbox 1074 2299 1129 2337; x_wconf 78' lang='grc' dir='ltr'>δα,</span> <span class='ocrx_word' id='word_1_247' title='bbox 1146 2300 1236 2332; x_wconf 83' lang='lat'>1816.</span> 
     </span>
    </p>
   </div>
  </div>
 </body>
</html>
