1487 2625
511 154 925 194 CHEMICA.
1237 167 1258 202 7

153 262 347 300 continens
363 289 377 310 ‚
403 264 640 310 separandum
673 273 743 301 est.
797 264 892 301 Illud
914 272 1032 301 autem
1048 292 1061 308 ‚
1090 264 1190 310 quod
1217 264 1254 301 in

149 333 248 380 aqua
270 332 427 372 fundum
452 333 570 380 petit,
598 334 691 371 bene
717 335 948 372 concutiatur
970 346 1053 371 cum
1079 346 1119 372 ea
1139 345 1254 382 quan-

151 403 257 439 titate
292 401 385 440 acidi
419 401 664 451 phosphorici
700 404 807 442 valde
842 404 978 450 diluti,
1033 413 1073 440 ut
1109 415 1253 452 semper

149 471 292 509 acidum
318 471 608 520 phosphoricum
635 475 853 522 praevaleat.

201 540 316 579 Lotio
341 541 471 579 deinde
493 541 707 581 instituatur
729 554 811 580 cum
840 554 935 590 aqua
958 543 1156 590 depurata3
1185 550 1221 581 et
1237 572 1251 590 ‚

147 618 238 657 post
258 610 435 651 lotionem
458 612 650 660 repetitam
675 613 796 650 oleum
824 613 1034 651 distelletur
1057 625 1140 651 cum
1167 624 1252 660 par-

147 689 194 717 va
227 680 430 727 quantitate
462 681 556 720 acidi
584 682 825 730 phosphorici
856 683 978 719 diluti.
1035 683 1134 721 Haec
1164 694 1252 730 ope-

147 747 241 786 ratio
263 759 340 787 non
363 751 484 788 solum
508 751 662 789 inservit
686 754 730 790 ad
753 753 988 800 separandam
1004 753 1221 790 ammoniam
1236 780 1250 799 ,

146 818 211 856 sed
235 818 341 857 etiam
365 820 411 857 ad
434 821 768 868 decomponendam
795 820 873 871 eJ'us'
898 834 981 860 cum
1006 821 1086 859 aliis
1110 821 1251 868 acidis,

143 885 250 924 acido
299 887 500 926 carbonico
544 889 815 938 debilioribus,
852 891 1169 940 conjunctionem.
1198 902 1250 920 -’

145 954 243 993 Cum
272 967 361 994 vero
388 969 533 1006 semper
556 959 676 1007 aliqua
709 961 858 998 acetatis
880 970 1049 1008 potassae
1075 969 1110 999 et
1135 962 1251 1009 phos-

142 1024 265 1072 phatis
280 1029 482 1065 ammoniae
497 1031 682 1075 quantitas
704 1040 886 1068 remaneat
904 1032 942 1068 in
965 1032 996 1069 C
1009 1043 1052 1069 re
1064 1044 1086 1067 o
1099 1044 1116 1068 s
1130 1044 1151 1068 o
1167 1041 1182 1068 t
1195 1043 1218 1068 o
1236 1058 1249 1077 ,

143 1104 238 1141 quae
263 1095 402 1134 lotione
426 1108 503 1134 non
527 1099 686 1145 separari
708 1109 854 1146 potest,
888 1101 1134 1137 destillatione
1159 1101 1247 1137 haec

142 1173 359 1214 separatur3
403 1178 497 1214 quae
523 1168 688 1215 operatio
719 1169 768 1206 ita
793 1170 1032 1215 instituatur,
1070 1179 1109 1206 ut
1134 1169 1245 1207 simul

146 1243 190 1270 ex
217 1234 457 1273 Creosoto
478 1238 682 1284 expellatur
705 1239 950 1285 parraffinum.
992 1239 1145 1287 Optime
1172 1240 1244 1277 hoc

145 1299 189 1339 fit
215 1302 460 1342 destillatione
482 1316 565 1343 cum
596 1318 689 1353 aqua
712 1308 851 1353 calida,
892 1321 964 1355 qua
1001 1309 1248 1346 distellatione

143 1370 256 1410 simul
288 1373 576 1415 Creosotum
612 1375 779 1413 lubenter
810 1377 854 1414 ab
876 1379 986 1425 euplo
1007 1379 1166 1426 separari
1194 1380 1246 1416 vi-

143 1441 264 1481 detur.

193 1510 356 1550 Praestat
404 1513 516 1551 citius
566 1526 673 1562 quam
723 1516 839 1554 setius
883 1518 969 1556 huic
1008 1519 1246 1557 destillationi

142 1579 253 1619 finem
293 1582 510 1631 imponere,
550 1586 634 1632 quia
676 1586 800 1633 liquor
839 1587 876 1624 in
910 1597 1046 1626 retorta
1081 1601 1149 1636 pro
1176 1602 1248 1627 ma-

144 1650 244 1688 xima
289 1661 392 1699 parte
438 1666 483 1693 ex
525 1655 716 1702 parraffino
751 1666 922 1704 constat3
961 1660 1246 1697 cholesterinum

145 1719 252 1757 etiam
283 1729 320 1758 et
354 1715 651 1771 naphthalinum,
681 1725 713 1763 si
750 1738 842 1772 quae
874 1727 1022 1775 adsint,
1058 1729 1167 1766 simul
1194 1741 1248 1767 re-

143 1799 304 1828 manent.

194 1859 250 1897 Ut
265 1870 350 1896 vero
365 1861 516 1899 omnino
539 1875 672 1910 purum
697 1866 907 1912 acquiratur
934 1868 1241 1916 Creosotum,

144 1927 306 1966 iteranda
344 1939 401 1967 est
436 1930 650 1970 destillatio.
704 1934 801 1971 Tum
828 1935 922 1973 bene
947 1938 1244 1985 observandum,

144 1997 381 2037 sufficientem
422 2012 536 2048 aquae
576 2003 813 2050 quantitatem
853 2007 1004 2052 adesse,
1043 2017 1152 2053 atque
1176 2011 1248 2045 aci-

145 2069 230 2106 dum
256 2069 549 2118 phosphoricum
584 2076 810 2122 praevalere3
852 2076 921 2111 hoc
960 2077 1052 2112 enim
1089 2076 1247 2114 artificio

145 2138 368 2186 impeditur,
398 2126 596 2188 quominus
627 2152 745 2180 acetas
773 2153 941 2191 potassae
971 2154 1033 2182 aut
1055 2146 1247 2193 phosphas

147 2210 346 2252 ammoniae
371 2213 490 2249 calore
514 2212 829 2260 decomponatutj,
861 2215 962 2262 quod-
991 2214 1090 2254 hisce
1109 2216 1248 2254 salibus

1164 2297 1250 2332 prtia
