1487 2625
256 203 280 237 4
489 174 1139 226 COMMENTATlo

317 297 464 336 Solutio
493 295 530 333 in
563 294 694 332 lixivio
730 302 900 342 potassae
932 291 1142 336 causticae,
1169 288 1359 328 calefactio

263 370 301 407 in
325 374 497 405 contactu
521 365 613 402 aeris
639 362 923 410 atmospherici‚
945 360 1195 409 refrigeratio,
1215 360 1362 397 decom·

262 437 399 487 positio
437 423 509 483 ope
551 433 644 472 acidi
686 431 892 481 sulphurici
926 430 1061 473 diluti,
1106 428 1287 476 separatio
1325 436 1361 465 et

264 505 477 544 rectificatio
511 503 647 541 tamdiu
686 502 889 547 iterentur,
932 510 1052 547 usque
1090 499 1176 536 dum
1212 497 1361 543 oleum,

263 575 427 613 admixto
448 572 578 611 lixivio
600 579 770 620 potassae
784 569 962 608 causticae
975 597 987 615 ‚
1002 567 1224 617 pellucidum
1244 569 1367 603 inane-

262 655 326 691 αι,
363 653 423 691 et,
461 641 706 688 calefactum,
743 651 821 678 non
857 639 982 687 aiium}
1004 637 1076 675 nisi
1111 637 1363 676 rubescentem

260 714 416 763 accipiat
431 713 609 750 colorem.
649 711 854 750 Misceatur
872 720 985 756 porro
1007 708 1128 745 oleum
1150 718 1232 744 cum
1255 717 1367 754 parva

264 783 466 833 quantitate
482 791 652 831 potassae
679 780 864 818 causticae
890 786 1164 826 concentratae,
1186 779 1289 816 tanta
1313 786 1368 814 ta·

266 864 378 899 men,
414 853 487 900 qua
527 851 673 887 miscela
713 859 886 897 tanquam
925 848 1027 886 alcali
1065 856 1199 895 reagat.
1267 848 1367 885 Haec

262 929 382 959 autem
409 919 641 965 destinetur,
669 916 842 965 quamdiu
870 917 991 954 oleum
1019 917 1200 965 pellucide
1225 926 1261 954 et
1287 917 1369 954 sine

263 990 341 1028 ullo
365 989 491 1027 colore
516 996 687 1026 transeat.
745 986 879 1024 Oleum
913 997 1012 1024 nunc
1050 986 1274 1034 pellucidum
1304 986 1372 1024 ite·

261 1071 342 1098 rum
369 1058 592 1097 rectificetur
613 1068 684 1105 ope
711 1055 886 1104 lampadis
914 1056 1129 1094 alcoholIci.·

257 1149 259 1151 ·
313 1130 514 1175 Postquam
539 1139 626 1164 vero
657 1126 842 1164 transierit
866 1137 958 1172 aqua
974 1153 987 1172 ‚
1013 1127 1141 1174 (cujus
1164 1125 1214 1162 rei
1241 1125 1372 1164 indici-

267 1210 328 1237 um
368 1207 424 1236 est
460 1208 609 1235 cessans
644 1195 827 1244 pulsatio)
870 1203 1112 1242 temperatura
1138 1206 1313 1243 augeatur
1335 1205 1372 1234 et

267 1276 428 1307 mutetur
454 1267 658 1315 recipiens;
687 1266 789 1314 quod
816 1265 906 1302 bene
931 1265 1200 1302 observandum
1223 1273 1293 1303 est.
1318 1288 1372 1296 —

266 1339 474 1386 colligatur
521 1347 620 1374 nunc
665 1337 784 1372 oleum
802 1362 814 1380 ‚
867 1335 1038 1381 quamdiu
1074 1334 1296 1382 pellucidum
1338 1344 1374 1373 et

268 1409 372 1445 nullo
393 1408 519 1445 colore
545 1414 718 1443 transeat.
745 1404 864 1442 Finita
890 1404 957 1440 hac
983 1403 1202 1451 operatione
1225 1416 1372 1443 accura-

269 1489 303 1516 te
319 1507 330 1525 ,
353 1477 430 1516 fere
453 1487 516 1522 1‚5
541 1486 648 1524 proc.
679 1482 800 1522 partes
835 1474 1072 1511 Creosoti
1100 1483 1245 1521 paratae
1269 1483 1373 1514 sunt.

774 1639 807 1686 s.
838 1651 873 1676 ε.

306 1789 363 1826 De
393 1786 562 1838 parandi
588 1787 733 1822 ratione
758 1782 952 1822 secundum
983 1784 1015 1821 R
1027 1785 1063 1822 ei
1073 1796 1092 1822 c
1104 1787 1127 1822 h
1138 1797 1155 1823 e
1165 1797 1188 1823 n
1202 1787 1280 1825 bac
1290 1789 1312 1826 h
1327 1816 1338 1835 ,

648 1868 694 1892 ex
715 1856 796 1905 pice
822 1853 984 1904 liquida.

318 2010 383 2047 Pix
417 2011 582 2058 liquida,
620 2011 678 2059 (in
719 2011 813 2048 vasis
851 2011 980 2048 terreis
1018 2012 1288 2059 praeparanda,
1327 2021 1375 2048 ne

270 2081 409 2117 scilicet
457 2080 543 2118 salia
597 2080 683 2118 ferri
728 2080 936 2128 contineat)
977 2081 1194 2128 plerumque
1230 2089 1376 2118 constat

269 2160 311 2186 ex
362 2161 486 2195 aqua,
545 2150 649 2187 acido
708 2150 874 2195 acetico‚
931 2151 1036 2188 acido
1107 2151 1375 2198 hydro-cyani-

269 2230 344 2265 co,
398 2220 502 2256 acido
540 2224 722 2266 stearic0‚
769 2220 958 2257 nonnullis
1008 2220 1226 2257 substantiis
1272 2221 1376 2257 colo-

1295 2300 1375 2325 ran-
