1487 2625
500 142 882 192 ORATIO.
1221 143 1244 185 7

138 281 304 339 placere
341 278 482 323 debuit
512 276 755 330 academia,
786 279 896 334 (quo
921 274 1088 319 nomine
1119 274 1249 332 magis

108 348 115 370 ⁵
139 358 252 416 apud
279 370 357 401 nos
392 353 647 415 appellatur)
677 354 721 397 in
754 368 835 409 qua
863 351 1083 409 religiones
1112 357 1151 394 et
1179 350 1247 407 ju-

136 448 211 486 ra,
237 448 308 479 res
332 432 493 476 divinae
525 439 565 475 et
593 418 822 482 humanae,
855 436 894 472 et
922 442 1014 472 cum
1046 427 1111 470 his
1138 433 1248 475 artes

137 510 357 563 liberales,
388 509 646 553 Graecorum
684 507 1056 561 Romanorumque
1093 504 1247 548 huma-

139 587 249 632 nitas
272 619 284 641 ,
347 586 478 630 libera
531 585 691 628 ratione
740 583 1014 626 traderentur.
1107 581 1251 637 Neque

140 663 318 723 proinde
342 662 527 707 scholam
551 650 840 712 instituerunt,
868 658 941 703 sed
967 657 1247 710 academiam,

107 752 111 755 *
140 755 275 797 neque
296 738 481 796 Collegia
505 738 579 781 sed
597 737 917 782 Universitatem
933 768 945 789 ‚
977 750 1113 792 neque
1140 733 1252 779 Uni-

141 817 376 861 versitatem
393 813 530 867 Juris,
556 821 599 857 ut
620 813 718 857 olim
738 813 953 857 Bononiae
969 844 983 865 ,
1014 819 1084 856 aut
1100 811 1248 873 Theo-

140 894 303 952 logiac,
339 900 384 936 ut
422 891 593 936 Parisiis
630 890 857 950 praecipue
886 890 1046 943 fuerat,
1093 888 1169 933 sed
1207 887 1250 931 in

139 963 409 1028 ‘quaomnes
447 967 689 1026 disciplinae
724 982 831 1024 quae
866 974 952 1010 tum
980 973 1122 1019 erant,
1154 979 1251 1009 om—

140 1056 214 1085 nes
275 1048 385 1084 artes
442 1039 644 1097 ingenuae
696 1037 854 1096 pariter
911 1038 1161 1080 docerentur
1213 1042 1253 1080 et

141 1116 379 1173 aequaliter.
441 1115 587 1159 Talem
619 1129 737 1158 suam
769 1113 946 1172 primam
986 1112 1253 1158 Universita-

139 1202 222 1238 tem
247 1207 338 1238 esse
367 1193 608 1244 voluerunt,
625 1206 801 1247 eamque
821 1190 902 1249 ipsi
918 1190 1010 1248 ipsa
1025 1188 1255 1233 institutio-

140 1269 205 1315 nis
219 1270 308 1327 lege
323 1269 588 1327 appellarunt
608 1268 688 1312 lib
698 1282 840 1311 eram
873 1274 923 1310 et
953 1281 982 1325 p
995 1282 1022 1310 u
1034 1267 1062 1309 b
1074 1265 1109 1309 li
1123 1280 1145 1309 c
1157 1281 1181 1309 a
1193 1281 1249 1311 m.

194 1423 319 1468 Haec·
344 1423 430 1466 duo
469 1422 621 1474 verba,
679 1421 933 1473 Auditores,
978 1419 1247 1464 institutionis

140 1516 263 1558 quam
294 1499 380 1543 dixi
405 1507 594 1543 naturam
621 1505 660 1542 et
691 1498 775 1542 vim
799 1505 930 1541 totam
959 1497 1249 1555 complectun-

138 1585 228 1630 tur,
255 1570 486 1641 eorumque
518 1575 859 1633 interpretatione
895 1581 984 1617 tota
1023 1573 1251 1617 absolvitur

137 1654 221 1699 loci
258 1669 380 1710 quem
423 1667 596 1697 exorsus
639 1667 729 1696 sum
769 1651 1002 1710 explicatio.
1087 1651 1246 1695 Eadem

138 1745 239 1774 vero
280 1746 345 1774 me
387 1730 641 1782 admonent,
684 1736 729 1773 ut
760 1729 977 1773 vobiscum
1009 1729 1053 1772 in
1077 1742 1248 1779 ‚memo-

139 1808 245 1856 riam
271 1807 439 1851 redeam
467 1805 717 1851 conditionis
734 1838 746 1859 ‚
783 1821 864 1862 qua
892 1813 978 1849 tum
1002 1805 1047 1848 in
1074 1805 1248 1863 Europa

142 1883 378 1928 academiae
428 1885 619 1935 fuerunt,
682 1897 776 1926 cum
815 1882 995 1941 primum
1045 1881 1247 1938 ejusmodi

141 1961 373 2005 institutum
407 1961 620 2018 conditum
661 1967 722 2003 est
751 1960 793 2002 in
828 1958 1062 2005 Hollandia.
1139 1958 1253 2002 Haec

144 2038 251 2082 enim
291 2038 529 2081 recordatio
564 2037 617 2079 ad
647 2035 1053 2093 majorum-consilia
1081 2036 1252 2095 perspi-

144 2116 320 2169 cienda,
363 2115 537 2174 ipsaque
563 2113 727 2172 integro
768 2113 923 2171 judicio
966 2112 1222 2160 aestimanda
1242 2142 1255 2165 ,

145 2203 236 2238 nosv
257 2200 412 2252 sponte
439 2192 646 2236 adducere
677 2191 814 2235 debet.
850 2198 858 2202 “
