1487 2625
278 196 301 232 6
639 190 1035 231 INTRODUCTIO.

281 303 329 340 rit
350 310 412 338 aut
437 299 703 345 offuscaverit,
743 301 882 338 Plato
921 311 990 347 pro
1027 310 1097 339 suo
1123 299 1274 349 ingenio
1303 301 1398 338 ulte·

283 370 358 406 rius
385 368 639 414 exornaverit,
678 368 727 405 ita
751 377 872 406 tamen
902 380 1080 415 quoque,
1118 378 1163 407 ut
1194 381 1239 408 ex
1261 370 1395 408 horum

283 441 438 477 duorum
468 438 633 475 virorum
661 437 811 486 scriptis
838 438 1084 476 illustrentur.
1112 459 1166 468 —-

337 509 441 546 Hanc
470 508 787 555 controversiam,
816 519 911 555 quae
938 508 1040 546 viros
1062 508 1302 547 doctissimos
1325 512 1399 560 J'am

284 577 347 615 diu
387 588 594 626 suspensos
629 577 778 624 tenuit,
820 578 1017 626 dirimere,
1056 590 1124 617 nec
1145 587 1204 617 est
1223 580 1400 629 Juvenis,

282 658 350 685 nec
376 648 422 685 ad
445 659 519 685 rem
540 656 703 685 nostram
729 648 945 694 requiritur.
998 649 1090 687 Non
1131 649 1227 687 enim
1257 649 1402 697 quaeri-

283 726 372 765 tur,
423 726 464 754 ut
494 720 658 767 genuina
696 718 903 766 explicetur
943 719 1166 756 Socratis
1203 719 1400 766 doctrina,

283 788 348 825 sed
373 797 412 825 ut
436 796 644 835 exponatur
668 799 735 834 ea,
775 800 884 836 quam
910 790 1181 838 Xenophon
1210 790 1402 828 Memora-

283 856 416 895 bilibus
458 857 722 905 consignavit,
760 858 926 896 doctrina
962 859 1205 897 Socratis.
1272 858 1403 897 Liceat

283 936 404 964 tamen
431 927 519 964 mihi
545 927 672 974 paucis
699 927 849 975 dicere,
889 927 978 975 quid
1017 929 1061 966 de
1097 931 1281 980 οὶξιοπιςίᾳ
1318 927 1404 968 Χε-

282 997 562 1045 nophontis
587 998 821 1035 statuendum
844 998 1014 1037 videatur
1031 1011 1114 1037 meo
1140 1000 1403 1048 qualicumque

278 1067 447 1116 judici03
488 1079 570 1104 nam
611 1068 699 1104 haec
740 1068 940 1115 plurimum
980 1068 1068 1106 facit
1101 1070 1145 1107 ad
1185 1070 1400 1118 gravitatem

285 1136 542 1183 quaestionis,
582 1148 691 1183 quam
726 1145 880 1175 tractare
915 1139 1135 1188 aggredior3
1179 1151 1256 1186 quo
1281 1148 1401 1177 autem

285 1206 432 1255 gravius
462 1216 518 1244 est
554 1215 838 1255 argumentum,
891 1219 934 1244 eo
979 1209 1134 1246 suavius
1174 1221 1255 1264 esse
1289 1211 1400 1249 solet.

282 1277 440 1315 Etiamsi
475 1278 720 1314 concedamus
759 1289 851 1323 quae
885 1278 1012 1315 dicunt
1052 1279 1095 1316 dc:
1123 1279 1403 1326 Xenophon-

284 1347 346 1385 tis
374 1347 526 1394 ingenio
552 1358 682 1394 parum
711 1347 858 1396 sagaci,
896 1356 1014 1385 tamen
1052 1348 1083 1384 ei
1120 1347 1210 1385 fides
1237 1359 1314 1386 non
1340 1349 1404 1386 de-

283 1418 447 1465 neganda
485 1428 566 1455 esse
602 1417 777 1464 videtur,
821 1417 886 1454 ubi
927 1416 1022 1455 facta
1059 1418 1239 1455 historica
1273 1417 1402 1456 refert.

284 1487 408 1524 Nemo
447 1496 547 1523 certe
584 1495 668 1532 est,
712 1486 778 1533 qui
815 1486 961 1523 dubitet
996 1485 1102 1523 fidem
1142 1486 1214 1534 ipsi
1241 1486 1402 1533 habere,

283 1567 342 1593 res
392 1566 513 1604 gestas
554 1556 849 1595 Graecorum
890 1557 1119 1603 exponenti:
1187 1568 1254 1593 cur
1289 1556 1404 1605 igitur

283 1626 390 1663 fidem
431 1626 463 1662 ei
506 1626 795 1673 denegaremus,
836 1625 902 1663 ubi
928 1626 1141 1663 Socratis
1170 1624 1281 1663 refert
1308 1625 1404 1664 facta

275 1695 456 1742 ‘dictaque
483 1696 502 1733 ἓ
585 1696 656 1733 Sed
705 1695 854 1732 minime
901 1695 1176 1732 concedendum
1223 1696 1403 1743 videtur,

282 1765 661 1813 Xenophontem
704 1774 774 1802 tam
817 1777 944 1813 parum
981 1764 1054 1801 acri
1095 1764 1212 1802 fuisse
1239 1765 1400 1813 ingenio.

285 1835 384 1873 Nam
411 1847 527 1882 quum
554 1846 666 1872 unum
695 1835 743 1872 sit
765 1834 953 1882 ingenium
979 1835 1180 1872 humanum
1203 1861 1218 1882 ,
1255 1843 1291 1872 et
1315 1845 1404 1882 pos-

285 1905 334 1942 sit
376 1904 523 1952 quidem
567 1904 603 1941 in
640 1903 780 1941 scholis
819 1904 856 1941 in
893 1905 1017 1951 plures
1054 1913 1175 1952 partes
1200 1903 1401 1950 distribui,
1435 1899 1438 1905 ’

286 1975 352 2012 sed
392 1983 511 2011 tamen
538 1985 665 2022 reapse
692 1974 889 2012 indivisum
918 1974 991 2011 sit:
1035 1976 1092 2021 is,
1135 1975 1200 2021 qui
1227 1973 1265 2011 in
1292 1973 1402 2011 rebus

285 2043 433 2091 agendis
478 2055 559 2080 acre
602 2054 637 2080 et
668 2045 863 2092 perspicax
891 2044 1055 2081 ostendit
1079 2043 1296 2092 ingenium,
1336 2043 1402 2080 ubi

287 2114 332 2149 ad
367 2113 627 2161 philosophiae
666 2113 827 2150 studium
864 2124 904 2149 se
939 2113 1026 2159 dat,
1067 2113 1111 2149 ad
1144 2112 1215 2149 hoc
1252 2111 1401 2148 eandem

288 2183 384 2219 illam
428 2183 565 2231 ingenii
607 2183 678 2220 vim
718 2193 794 2220 non
825 2191 950 2230 potest
979 2192 1055 2219 non
1081 2179 1264 2218 conferre.
1319 2181 1401 2218 Xe-

289 2254 480 2303 nophon
517 2261 672 2299 autem,
710 2254 773 2301 qui
814 2251 1032 2303 superstites
1066 2262 1109 2288 ex
1146 2250 1265 2298 Cyri
1289 2260 1401 2298 expe-

1342 2319 1395 2355 di-
