1487 2625
215 149 268 193 14
457 148 534 192 AD
543 148 596 192 R.
631 146 797 192 CATH.
832 146 1090 192 HOLTIUS

220 283 261 325 in
281 282 317 326 le
337 281 455 340 gibus
498 280 671 324 aliarum
717 281 1057 326 Universitatium
1109 289 1328 339 utramque

215 359 409 417 paginam
437 357 560 410 facit,
585 353 847 416 disciplinam
862 391 873 411 ‚
891 374 915 402 a
937 358 1115 403 Statutis
1146 358 1329 403 Leiden-·-

226 437 282 480 sis
301 435 598 497 Universitatis
623 434 801 491 antiquis
825 441 864 478 et
889 436 1007 479 novis
1038 450 1174 494 prope
1198 443 1330 480 totum

219 514 377 556 abesse.
410 512 580 570 Nempe
600 511 651 555 de
676 511 847 564 vestitu,
869 512 1033 555 incessu
1048 544 1058 564 ‚
1081 520 1205 556 cantu
1227 512 1333 556 Stu—

216 590 458 642 diosorum,
491 589 542 631 dc
578 588 702 631 larvis
738 595 777 631 et
806 587 1016 647 phaleris,
1052 589 1104 632 de
1146 589 1260 646 equis
1292 597 1331 634 et

217 666 389 710 canibus
402 699 413 719 ‚
431 666 481 709 de
495 665 704 708 domicilio
724 672 763 708 et
793 665 888 708 cibo
905 696 916 716 ‚
935 664 986 708 de
997 679 1092 708 aere
1105 665 1239 709 alie'no
1251 697 1263 719 ,
1279 665 1331 709 de

217 742 370 801 stupris
403 748 442 785 et
487 748 611 799 partu
645 740 821 793 alendo,
853 740 1022 796 aliisque
1057 755 1143 784 non
1181 742 1333 785 lauda-

189 818 370 862 ·bilihus
402 818 555 870 rebus,
587 817 787 875 propriae
814 817 924 874 leges
953 818 1086 862 nullae
1111 819 1222 877 apud
1254 833 1332 863 nos

215 896 493 940 inveniuntun
569 893 616 937 Si
652 909 735 950 qua
784 909 851 940 res
883 894 1050 952 gravior
1098 894 1334 967 incideret,

219 971 445 1031 repentinis
476 971 682 1015 Ordinum
723 970 868 1014 edictis
907 971 1227 1029 increpabatur-3
1260 986 1334 1017 ce—

217 1056 352 1092 terum
390 1047 612 1091 Studiosos
639 1047 908 1105 jurejurando
936 1049 1151 1106 obligare,
1185 1049 1334 1094 delicta

217 1125 493 1183 jurisdictioni
520 1124 783 1182 permittere,
815 1125 1075 1182 satagebant.
1138 1125 1334 1184 Cognos-

220 1203 326 1246 citur
359 1209 494 1245 antem
519 1201 598 1244 ista
627 1201 857 1259 paucitate,
891 1209 930 1245 et
968 1202 1086 1257 quasi
1117 1203 1334 1260 parcimo-

220 1280 313 1331 nia,
360 1279 519 1336 legum,
570 1277 713 1335 religio
762 1293 866 1333 quae
912 1278 1142 1335 majoribus
1180 1281 1333 1324 nostris

219 1357 316 1407 suit,
347 1355 545 1398 illibatam
584 1369 753 1398 servare
773 1355 1008 1398 libertatem
1037 1356 1331 1402 academicam.

279 1433 325 1475 ln
369 1431 536 1488 reliquis
584 1439 751 1489 praeter
791 1431 1039 1476 Curatorum
1082 1433 1330 1492 imperium,

224 1510 275 1553 de
302 1524 384 1565 quo
415 1509 593 1552 diximus
613 1541 624 1561 ,
655 1508 770 1565 quod
798 1516 882 1552 tam
907 1516 1060 1563 potens
1082 1517 1190 1563 erat,
1222 1512 1333 1554 mul-

222 1596 348 1643 toque
382 1586 558 1644 amplius
599 1601 723 1642 quam
761 1586 874 1645 apud
903 1601 980 1630 nos
1009 1587 1212 1641 hahetur,
1245 1597 1334 1633 erat

224 1663 459 1707 academiae
489 1662 728 1706 constitutio
758 1663 823 1706 vix
849 1663 927 1706 alia
963 1679 1086 1720 quam
1114 1681 1196 1721 qua
1222 1681 1332 1711 nunc

224 1747 391 1784 nostrae
424 1740 660 1783 academiae
686 1747 899 1796 reguntur.
961 1741 1226 1786 Addiderunt
1263 1750 1333 1786 ta—

224 1832 320 1861 men
345 1817 526 1874 majores
547 1816 900 1873 jurisdictionem,
916 1825 999 1860 tam
1026 1819 1184 1862 civilem
1208 1835 1333 1876 quam

226 1894 478 1938 criminalem
498 1926 508 1945 ,
568 1900 607 1936 et
642 1892 940 1937 immunitatem
992 1909 1016 1937 a
1066 1895 1332 1953 vectigalibus

225 1981 265 2016 et
294 1972 559 2022 muneribus,
593 1984 686 2013 cum
715 1970 803 2013 aliis
834 1971 1082 2029 privilegiis,
1126 1987 1231 2028 quae
1269 1973 1332 2017 ci·-

224 2066 294 2096 vcs
318 2047 542 2092 academici
564 2062 610 2090 ex
631 2047 667 2090 F
670 2047 835 2090 riderici
855 2049 943 2105 lege
971 2055 1009 2091 et
1036 2048 1124 2105 jure
1142 2063 1333 2094 commu-

225 2127 267 2171 ni
301 2115 455 2168 habere
495 2124 641 2168 solent.
716 2124 835 2181 Quae
863 2124 1028 2181 quidem
1058 2139 1167 2168 nunc
1195 2129 1335 2186 magni

228 2217 313 2245 non
343 2191 574 2253 hahentur,
614 2200 685 2243 sed
714 2207 852 2243 tamen
886 2200 1097 2245 declarant
1123 2202 1335 2248 Leidensis
