1487 2625
205 198 255 239 54
415 179 1097 224 COMMENTATIO.

272 294 470 343 Sequentia
510 293 762 341 phaenomena
812 290 993 328 interdum
1037 298 1237 328 occurrunt
1271 291 1309 328 in

203 364 365 405 thoracis
386 362 548 410 organis.
590 361 741 399 Pleurae
757 388 769 407 ‚
796 360 918 397 cordis
944 369 979 397 et
1005 371 1178 397 vasorum
1201 361 1317 409 majo—

208 447 290 473 rum
330 430 540 481 superficiei
576 431 741 468 internae
776 430 881 467 color
921 429 1062 476 ruber,
1103 430 1316 476 pulmones-

210 515 284 552 que
302 501 484 550 sanguine
507 500 690 539 interdum
719 499 879 548 obpleti.
929 499 1035 549 Quae
1059 499 1161 547 signa
1185 499 1318 548 patho-

206 571 328 621 logica
368 570 550 619 imprimis
585 569 766 617 inveniri,
820 568 886 607 ubi
921 569 1019 607 varia
1054 568 1208 607 durante
1242 569 1319 607 vita

208 641 358 679 aderant
397 639 726 689 peripneumoniae
746 647 1022 689 symptomata,
1044 637 1153 677 facile
1184 638 1320 677 intelli-

207 710 322 758 gitur.
375 709 438 747 Sic
461 709 525 749 Cl.
554 710 643 758 Pyl
671 710 890 758 pulmonum
920 708 1029 746 lobos
1055 709 1156 758 gravi
1179 708 1323 747 inflam-

208 779 369 818 matione
385 788 606 829 correptos,
633 781 829 828 validaque
850 792 916 819 sua
937 781 1208 831 congestione,
1235 793 1321 820 san-

209 849 332 898 guinis
365 851 522 899 coagulo
559 849 698 888 similes
736 850 830 889 vidit
869 851 955 901 (1).
1008 852 1206 891 Pulmones
1243 851 1321 892 fere

210 918 434 967 nigricantes
477 930 683 967 eorumque
727 919 833 957 telam
884 921 1103 960 cellulosam
1139 918 1327 972 sanguine

209 989 405 1036 coagulato
421 989 595 1037 repletam
612 988 820 1028 observavit
831 991 945 1029 Doct.
964 991 989 1029 S
1003 1003 1023 1029 c
1038 992 1087 1030 hl
1101 1003 1120 1029 e
1132 1003 1156 1040 g
1169 1003 1188 1030 e
1201 993 1213 1030 1
1228 992 1296 1042 (ε)
1307 1020 1322 1038 ,

207 1058 439 1106 maculisque
482 1070 591 1105 quam
628 1059 797 1106 plurimis
832 1060 948 1109 nigris
987 1061 1060 1098 alio
1095 1072 1184 1099 casu
1220 1070 1322 1100 erant

209 1126 357 1163 obsessi
384 1126 471 1174 (3).

260 1194 466 1233 Tracheam
491 1207 512 1233 a
533 1195 702 1233 veneficii
727 1197 1030 1235 observatoribus
1066 1198 1185 1236 fuisse
1218 1210 1323 1247 aper-

209 1273 282 1303 tam
309 1275 386 1303 non
415 1265 557 1304 inveni.
610 1265 762 1314 Saepius
794 1265 914 1305 fuisse
947 1265 1204 1306 inflammatam
1229 1278 1320 1306 con-

210 1332 359 1373 firmant
393 1335 595 1382 quaedam,
641 1346 734 1383 quae
767 1335 805 1373 in
833 1336 910 1374 vita
947 1336 1195 1377 observantur
1219 1350 1320 1386 sym-

209 1413 390 1452 ptomata.

259 1474 398 1512 Cordis
429 1474 605 1512 cavitates
651 1474 820 1512 sinistras
859 1475 1012 1514 maculis
1046 1476 1169 1515 rubris
1205 1486 1318 1516 tectas

208 1542 304 1581 vidit
331 1541 535 1590 Orfila‚
574 1554 728 1591 quarum
759 1545 960 1582 nonnullae
983 1545 1020 1582 in
1047 1545 1162 1594 ipsam
1196 1547 1321 1585 cordis

210 1611 454 1650 substantiam
482 1613 736 1660 penetrabant.
791 1613 999 1651 Ventriculi
1023 1624 1144 1653 autem
1166 1625 1204 1654 et
1235 1617 1320 1655 atrii

211 1681 332 1719 dextri
378 1680 491 1719 facies
542 1681 682 1720 interna
727 1682 946 1721 cernebatur
989 1695 1034 1722 ex
1071 1686 1186 1723 rubro
1237 1685 1320 1725 fus-

209 1762 278 1798 ca,
309 1751 477 1799 quamvis
505 1753 665 1789 maculae
692 1751 730 1789 in
754 1761 858 1800 parte
882 1754 1080 1792 musculari
1107 1755 1230 1795 minus
1254 1767 1320 1805 pe·

210 1829 409 1860 netrarent.
465 1820 564 1859 Vasa
598 1822 733 1870 majora
774 1823 927 1861 omnino
965 1833 1066 1862 erant
1108 1835 1194 1863 sana
1230 1827 1312 1876 (4).

1271 1896 1315 1935 In

249 2034 301 2076 (ι)
325 2036 434 2066 Neues
464 2036 650 2075 Magazin,
686 2036 715 2067 1.
745 2037 814 2070 111.
843 2038 917 2071 508.
951 2040 1003 2073 Cf.
1037 2039 1288 2074 Christiaon
1302 2065 1317 2084 „

207 2087 232 2118 1.
265 2097 294 2117 c.

254 2141 302 2179 (2)
326 2139 489 2177 neuin,
514 2140 538 2172 l.
559 2151 588 2172 c.
611 2142 667 2171 ssd.
692 2143 721 2174 1.
743 2154 775 2183 p.
799 2144 850 2175 52.

251 2194 298 2232 (5)
325 2192 410 2222 lbid.
433 2192 493 2223 ΒΛ.
517 2194 565 2224 11.
586 2205 618 2234 p.
640 2196 710 2227 513.

249 2247 305 2285 (4)
325 2247 475 2278 Orsila.
502 2248 524 2278 l.
546 2258 573 2276 c.
599 2258 631 2289 p.
653 2249 724 2289 39²·
