1487 2625
436 230 881 267 ADNOTATIO.
1171 229 1216 262 69

114 339 161 385 sit
179 337 352 374 Antonius
369 337 582 373 Clementius
601 321 804 372 Ziericzeus.
838 335 876 370 L.
891 335 930 370 B.
958 334 1063 376 1665,
1093 334 1131 367 in
1154 345 1223 379 qua

115 399 203 435 haec
236 399 349 434 fusius
374 403 582 434 narrantur.

162 515 244 564 Pag.
258 518 315 557 26.
343 518 633 553 Cartesium.
651 544 659 552 .
676 545 684 552 .
701 544 709 553 .
732 518 868 563 justo
892 516 1086 550 honore.
1113 515 1226 560 Opera

118 579 194 624 ejus
218 590 332 625 nuper
356 579 466 613 edidit
492 578 620 612 Victo
630 590 649 611 ι·
674 577 844 612 Cousin.
898 576 1049 610 oeuvres
1071 576 1111 622 de
1135 575 1224 609 Des·
1243 595 1247 599 ι

118 645 240 673 cartes.
268 639 386 674 Paris.
401 645 505 674 ³824.
555 637 709 673 Accessit
730 649 838 683 porro
856 637 1032 670 Cartesius
1046 637 1121 670 und
1134 636 1229 669 seina

124 699 265 745 Geqner
276 724 286 740 ,
313 710 381 732 von
406 699 442 734 G.
468 699 504 733 F.
533 698 561 732 H
571 709 591 732 o
604 709 623 734 c
635 698 672 731 k.
708 697 824 732 Wien.
854 697 956 732 1335.

169 817 261 852 Ibid.
311 817 615 853 Ruhnkenii.
666 818 707 852 In
735 817 889 863 Epistola
912 818 957 852 ad
981 818 1158 852 Ritterum
1184 817 1232 852 ita

124 877 307 925 loquitur.⁴
333 878 456 924 Opusc.
485 877 523 912 L.
539 878 578 912 B.
596 877 698 912 1823.
724 878 772 913 II.
787 890 822 924 p.
839 878 920 912 868.
1214 872 1215 876 ¹

172 998 264 1034 Ibid.
313 998 361 1033 W
374 1011 397 1043 y
411 1004 425 1033 t
439 1005 453 1033 t
465 1010 485 1033 e
498 1011 521 1033 n
534 999 558 1032 b
571 1011 592 1033 a
605 999 659 1043 ch
672 999 684 1032 i
699 999 723 1034 i.
775 999 854 1034 Vita
877 999 949 1034 .W.
978 1005 1120 1042 auctore
1138 998 1235 1034 Mah-

125 1070 182 1095 ne.
219 1059 369 1093 Gandae.
399 1059 502 1094 1823.
541 1071 619 1105 pag.
666 1060 723 1093 92.
786 1059 1012 1094 Laudandum
1047 1065 1099 1094 est
1132 1060 1238 1093 etiam

126 1119 155 1153 H
168 1119 248 1153 ein
261 1131 308 1153 ec
322 1119 398 1153 cio
410 1117 430 1152 r
441 1131 467 1153 u
479 1131 515 1152 m
547 1119 742 1164 judicium,
770 1131 814 1164 pa
822 1120 883 1153 tris
906 1125 942 1153 et
966 1120 1050 1154 filii:
1087 1131 1238 1165 quorum

126 1179 186 1214 hio
205 1184 346 1226 praeter
371 1179 440 1213 alia
463 1190 554 1225 quae
578 1184 717 1225 patrem
738 1180 981 1225 Franequerae
994 1180 1215 1214 devincit-ent
1228 1206 1237 1221 ,

59 1277 64 1284 .
128 1266 151 1283 ‚,
178 1240 352 1275 libertatis
373 1240 568 1286 praedicat,
598 1253 667 1287 qua
703 1241 830 1285 Belgae
861 1241 1051 1282 fruuntur,
1081 1240 1240 1275 dulcedi-

130 1326 152 1344 „
179 1312 276 1342 nem,
303 1312 514 1347 usuramque
536 1301 714 1347 amplioris
738 1301 1018 1347 honestior-isque
1041 1302 1149 1346 otii;''
1179 1301 1242 1334 ille

131 1361 174 1397 ad
193 1361 478 1407 Franequeranos
509 1362 668 1408 scripsit,
697 1362 789 1396 scire
810 1373 846 1396 se
869 1388 891 1404 ,‚
909 1362 1038 1396 nullibi
1069 1373 1174 1407 quam
1203 1362 1241 1395 in

130 1449 153 1466 „
179 1422 330 1467 Belgicis
355 1422 539 1456 academiis
564 1423 697 1467 largius
729 1428 764 1456 et
799 1422 979 1457 honestius
1003 1423 1114 1457 otium
1140 1423 1243 1456 Musis

131 1510 154 1526 „
182 1482 429 1517 amicissimum
461 1482 644 1517 concedi.''
685 1483 982 1518 Heineccius
1016 1489 1158 1517 vocatus
1191 1487 1244 1516 est

133 1543 178 1578 ad
203 1548 275 1577 tres
297 1542 456 1587 Belgicas
488 1543 696 1578 academias:
725 1543 768 1578 ad
803 1556 908 1578 unam
942 1543 1054 1584 venit,
1083 1543 1132 1577 ad>
1153 1543 1241 1577 alte-

133 1616 189 1638 ras
213 1603 299 1638 duas
321 1603 444 1649 venire
475 1604 744 1649 prohibebatur.
772 1604 821 1639 Cf.
849 1604 1012 1638 Memoria
1037 1603 1069 1638 J.
1087 1604 1125 1637 G.
1143 1603 1241 1637 Hei-

135 1663 295 1700 neocii
318 1675 399 1697 cum
424 1664 701 1699 Recitationibus
731 1665 834 1698 e'dita.
861 1664 1091 1698 Vrimoet.
1118 1664 1243 1699 Athen.

136 1725 228 1762 Fris.
254 1735 333 1771 pag.
358 1724 438 1759 302.
467 1727 693 1772 Siegenb.
721 1727 750 1760 I.
768 1738 846 1772 pag.
870 1725 950 1759 268.
979 1737 1078 1771 seqq.
1153 1724 1157 1728 “

179 1848 262 1894 Pag.
277 1849 334 1883 27.
361 1849 485 1895 Solet
512 1849 655 1883 etiam
680 1859 711 1882 e.
725 1860 755 1882 r.
795 1847 845 1881 De
858 1859 928 1893 qua
940 1847 1096 1881 utilitate
1110 1847 1247 1892 prolixe

132 1908 400 1956 philosophatur
432 1909 710 1944 Michaelis.
757 1897 1033 1942 Raisomiemem
1067 1908 1156 1941 uber
1189 1908 1244 1940 die

129 1970 444 2018 protestantischen
477 1970 740 2004 Universitc'cten
762 1969 804 2002 iu
829 1968 1078 2013 Deutschland.
1113 1968 1247 2002 Franc-

122 2070 124 2073 .
126 2030 221 2076 furt.
250 2031 353 2065 1773.
381 2031 419 2065 Τ.
446 2031 513 2064 ΙΙΙ.
540 2031 568 2075 §.
595 2031 652 2064 83.
679 2041 776 2075 seqq.
823 2029 874 2063 De
896 2029 1123 2064 incommodis
1149 2029 1244 2074 agit,

135 2102 172 2138 p.
199 2091 263 2127 86.
288 2091 368 2126 Vid.
396 2102 539 2138 quoque
563 2090 602 2125 T.
627 2091 675 2126 ΙΙ.
702 2090 731 2134 ξ.
758 2090 815 2124 50.

187 2225 278 2260 lbid.
329 2226 419 2261 Nec
443 2226 584 2269 nimis
607 2236 779 2271 paucos
803 2235 888 2258 nec
911 2224 1100 2258 multos.
1140 2223 1248 2257 Initio

140 2285 318 2323 undecim:
344 2288 414 2323 vid.
442 2288 580 2323 statuta
599 2286 772 2332 Principis
783 2285 909 2321 Araus.
926 2284 1019 2330 apud
1050 2285 1071 2319 S
1084 2285 1096 2319 i
1110 2296 1129 2318 e
1142 2296 1165 2329 g
1176 2296 1196 2319 e
1206 2296 1247 2318 n-
