1487 2625
264 175 307 210 16
496 166 1173 212 COMMENTATIO.

311 282 535 320 Destilletur
557 292 681 327 nune,
714 286 831 328 usque
865 281 951 318 dum
987 291 1169 328 vapores,
1202 280 1360 328 primum

260 354 342 390 albo
378 353 503 388 colore
537 360 791 396 transeuntes,
826 349 1081 387 flavescentem
1115 347 1310 396 accipiant.

311 423 562 459 Amoveantur
586 418 765 465 recipiens
793 427 904 465 atque
925 416 1020 464 ignis
1036 444 1049 463 ,
1077 424 1114 453 et
1139 416 1362 454 destillatum

259 490 468 528 effundatur
488 489 524 526 in
550 488 687 526 filtrum
706 515 718 533 ‚
746 499 838 534 aqua
863 485 1103 524 madefactum
1124 514 1138 533 ‚
1172 495 1238 533 per
1260 485 1362 534 quod

258 571 351 608 aqua
381 567 570 607 permeat,
601 559 682 595 oleo
714 557 751 594 in
786 569 830 593 eo
867 563 1102 601 remanente,
1133 556 1240 604 cujus
1267 553 1361 591 lotio

258 631 424 668 iteretur.
478 630 568 666 Post
595 628 686 665 hanc
720 626 1006 674 percolationem
1031 625 1260 672 decoquatur
1289 623 1362 661 hoc

259 701 382 739 oleum
407 710 471 747 per
494 697 646 746 aliquod
670 706 817 745 tempus
843 707 927 734 cum
958 704 1022 743 1‚5
1049 693 1223 747 ponderis
1250 692 1364 742 parti-

259 770 331 807 bus
372 769 489 807 lixivii
535 778 704 816 potassae
747 752 930 804 causticae
972 776 1060 812 1‚12
1101 763 1219 812 pond.
1260 774 1363 812 spec.

259 839 406 880 Solutio
444 838 653 885 refrigerata
691 836 900 877 effundatur
937 835 974 872 in
1009 834 1147 872 filtrum
1172 845 1267 881 aqua
1292 844 1368 872 ma-

259 907 469 956 defactum3
498 907 635 955 eupion
663 906 699 943 in
732 905 830 943 filtro
855 913 1030 942 remanet.
1083 904 1295 942 Percolatus
1323 903 1368 940 li-

262 990 358 1027 quor
395 979 686 1025 decomponatur
730 976 835 1013 acido
873 973 1092 1022 sulphurico
1128 973 1274 1019 diluto,
1317 973 1368 1011 ita

263 1058 304 1087 ut
331 1049 492 1087 miscela.

314 1121 510 1167 separetur
535 1119 656 1155 oleum
682 1123 923 1165 supernatans
951 1122 987 1152 et
1012 1114 1181 1152 abluatur
1205 1113 1243 1150 in
1268 1111 1368 1150 filtro

262 1200 356 1236 aqua
382 1200 474 1236 pura
502 1186 733 1234 madefact03
771 1187 893 1223 oleum
917 1195 1005 1222 vero
1031 1193 1219 1221 remanens
1246 1182 1373 1220 destil-

265 1259 434 1296 leturasin
473 1257 587 1294 vitrea
628 1264 791 1302 retorta„
847 1254 978 1292 balneo
1016 1264 1143 1291 arenae
1181 1252 1369 1301 imposita.

265 1326 468 1364 Transiens
514 1326 791 1364 Creosotum
808 1352 820 1369 ‚
866 1323 1029 1361 nondum
1073 1323 1165 1361 satis
1208 1334 1341 1370 purum
1357 1351 1371 1370 ,

264 1395 396 1433 iterum
424 1396 462 1432 in
484 1394 612 1432 lixivio
641 1403 811 1442 potassae
834 1393 1017 1431 causticae
1041 1394 1234 1439 solvatur,
1260 1394 1371 1431 deco-

266 1475 430 1513 quatur,
466 1466 702 1513 percoletur‚
738 1471 822 1500 curn
849 1464 952 1501 acido
979 1461 1197 1511 sulphurico
1226 1462 1372 1499 decom-

269 1545 456 1583 ponatur,
501 1534 583 1572 dein
625 1546 709 1571 cum
746 1545 840 1580 aqua
873 1534 1042 1570 abluatur
1074 1540 1109 1569 et
1143 1530 1368 1579 percoletur.

269 1605 309 1642 Si
335 1614 421 1652 post
449 1605 511 1641 has
540 1604 773 1651 operationes
809 1604 1095 1642 Creosotum
1120 1601 1284 1638 nondum
1315 1611 1373 1639 sa-

268 1675 315 1712 tis
343 1685 476 1722 purum
506 1673 577 1720 sit,
605 1673 786 1710 iterandae
812 1680 900 1710 sunt
917 1699 929 1717 ,
958 1671 1075 1708 donec
1108 1672 1180 1709 tale
1213 1671 1372 1719 acquiri-

270 1754 343 1781 tur.

319 1812 425 1851 Talis
461 1811 695 1860 praeparandi
733 1811 928 1848 methodus
963 1809 1070 1847 etiam
1104 1810 1327 1849 describitur
1353 1823 1372 1849 a

271 1882 494 1930 Cerutti,
520 1882 812 1930 pharmacopoeo
840 1879 1296 1928 Camburgensi(1).

1280 2131 1318 2178 ἕ.
1337 2132 1374 2169 6.

312 2218 359 2258 (1)
388 2217 460 2247 Vid.
487 2217 666 2247 lermtcc.
685 2216 930 2254 Centralblatt,
955 2215 1048 2248 1834·
1071 2216 1194 2248 N⁰.58.
1216 2217 1334 2256 p.925.
