1487 2625
42 2402 46 2428 ι

43 2430 47 2468 ὲ

44 2470 48 2501 ἰ

383 261 968 302 THEOLOGICA.
1055 271 1232 317 -*21

131 373 230 412 Nam
254 380 331 410 tum
352 383 372 409 a
397 381 525 409 natura
552 370 613 408 tali
637 371 824 418 praeditus
845 378 919 406 erat
944 368 1089 416 ingenio
1106 396 1119 415 ‚
1159 377 1236 405 tum

130 444 202 481 hoc
237 441 424 489 ingenium
465 441 514 478 ita
554 440 765 488 explicitum
806 447 882 476 erat
923 437 1130 486 personis
1159 438 1236 486 ejus

129 511 432 558 conditionisque
471 519 640 548 externae
674 510 850 546 rationem
868 536 880 554 ‚
933 517 974 544 ut
1017 516 1052 544 et
1085 505 1239 558 philoso-

124 583 210 632 phis
264 582 340 619 illis
387 592 428 618 se
464 588 696 627 opponeret,
747 587 782 615 et
821 579 997 627 Sophistc's
1036 587 1239 624 eorumque

130 649 303 687 alumnis.
355 648 602 687 Attendamus
641 647 799 694 primum
838 646 883 682 ad
917 647 995 694 ejus
1035 644 1238 693 ingenium.

131 718 169 755 A
193 724 323 755 natura
348 725 533 764 acceperat
559 716 783 752 intellectum
804 716 954 751 alacrem
978 723 1013 751 et
1037 712 1211 751 subtilem
1227 742 1239 759 ‚

129 785 311 836 Judicium
350 797 478 824 sanum
515 795 551 822 et
585 785 797 833 integrum3
836 785 900 821 sed
922 793 1000 820 non
1023 793 1097 820 erat
1122 794 1241 820 rerum

133 855 403 894 reconditarum
448 863 484 892 et
528 855 740 892 sublimium
789 865 931 900 capax,
982 863 1048 890 nec
1100 852 1243 890 valebat

133 924 271 974 ingenii
311 926 350 963 vi
391 924 662 973 procreatrice‚
711 923 836 971 (quod
874 922 955 970 ipse
994 923 1037 960 de
1073 934 1113 960 se
1148 922 1245 970 apud

133 994 384 1033 Platonem
423 994 594 1041 fatetur.)
648 993 917 1031 Dominabatnr
952 992 990 1029 in
1015 1003 1060 1029 eo
1083 1002 1247 1037 sensus,

136 1063 187 1101 ita
218 1071 260 1100 ut
282 1064 343 1101 hic
370 1075 480 1111 saepe
507 1063 682 1100 radonem
709 1063 899 1108 vinceret,
939 1062 1098 1100 maxime
1124 1071 1245 1099 autem

74 1138 76 1140 ’
136 1144 271 1171 sensus
298 1133 389 1170 boni
413 1132 607 1181 justique,
648 1133 770 1169 minus
796 1131 918 1179 pulcri
946 1142 1094 1168 sensus.
1148 1131 1245 1168 Cum

137 1209 257 1239 autem
290 1201 463 1238 nonnulli
498 1200 668 1237 homines
709 1199 904 1247 proniores
945 1200 1021 1237 sint
1057 1200 1100 1236 ad
1137 1199 1247 1236 vitam

138 1270 494 1319 contemplativam,
529 1269 589 1307 alii
625 1270 670 1307 ad
707 1269 932 1317 practicam,
982 1269 1020 1306 in
1059 1270 1250 1306 Socrate

140 1349 240 1379 tanta
275 1349 349 1378 erat
389 1339 499 1378 animi
535 1338 593 1376 vis
634 1338 901 1384 incitans,'ut
935 1338 1051 1374 nollet
1085 1346 1252 1375 contem-

142 1409 279 1458 plando
311 1408 423 1447 vitam
460 1409 616 1456 degere,
655 1407 720 1444 sed
743 1408 786 1444 ad
810 1407 988 1454 agendum
1011 1418 1155 1454 semper
1177 1416 1249 1443 tra-

143 1481 309 1518 heretur.
363 1478 502 1525 Ratio,
543 1489 635 1525 quae
669 1476 706 1513 in
741 1477 819 1513 aliis
853 1475 997 1513 facilius
1025 1477 1253 1512 voluntatem

146 1561 270 1599 regere
306 1549 427 1594 solet,
469 1548 507 1584 in
526 1547 607 1584 aliis
635 1546 845 1591 difficilius,
885 1546 933 1581 ita
953 1546 988 1581 in
1015 1555 1058 1581 eo
1086 1544 1251 1589 valebat,

147 1627 191 1657 ut
218 1617 293 1656 levi
318 1618 470 1664 negotio
495 1617 708 1663 omitteret,
755 1625 848 1662 quae
881 1626 992 1662 prava
1017 1625 1098 1651 esse
1124 1613 1256 1650 intelli-

151 1695 251 1736 geret
291 1687 517 1733 sentiretque
557 1686 641 1735 (1).
1097 1729 1100 1733 Δ

203 1756 296 1794 Tale
321 1756 534 1794 Socrates
560 1755 706 1802 privum
728 1753 797 1791 sibi
827 1753 1011 1799 ingenium
1038 1752 1166 1790 deinde
1181 1752 1255 1790 vita

151 1837 219 1868 sua
255 1823 515 1863 manifestavit.
578 1824 632 1862 Ut
664 1833 783 1860 autem
825 1822 981 1859 feliciter
1017 1834 1055 1858 se
1098 1822 1257 1869 explica-

1177 1901 1255 1938 ret,

197 1962 245 2002 (ι)
268 1962 320 1992 Cf.
344 1961 537 1990 Plutonis
557 1961 758 1991 Theaetetus
770 1971 839 1999 pag.
855 1960 963 1996 150‚a.
988 1960 1039 1988 Ad
1062 1959 1258 1989 Socratis

155 2015 316 2055 ingenium
341 2013 592 2055 cognoscendum
616 2014 716 2049 facit,
753 2013 838 2053 quod
871 2023 934 2041 nou
960 2013 1174 2042 delectaretur
1197 2023 1258 2041 na-

157 2073 247 2099 turae
277 2067 521 2107 pulcritudine,
556 2067 610 2096 sed
648 2066 757 2096 mallet
781 2067 865 2095 inter
892 2065 1034 2096 homines
1063 2066 1207 2101 versari',
1243 2076 1260 2094 a

159 2123 277 2163 quibus
306 2122 467 2162 proficere
492 2125 617 2159 posset;
675 2122 716 2150 cf.
757 2120 949 2149 Platonis
982 2120 1157 2148 Phaedrus
1188 2129 1258 2157 pag,

159 2177 241 2217 2873
273 2180 308 2206 ut
340 2176 434 2204 etiam
450 2197 459 2212 ‚
494 2185 574 2214 quae
599 2174 637 2202 de
663 2175 831 2203 daemonio
854 2172 1046 2203 Socratis
1067 2172 1147 2200 infra
1170 2172 1263 2202 vide-

160 2229 287 2266 bimus,
311 2230 428 2269 quibus
442 2228 641 2264 declaratur,
670 2232 865 2266 quantopere
880 2236 970 2255 sensu
984 2225 1169 2262 duceretur;
1195 2230 1260 2254 tum

164 2286 220 2319 et,
256 2282 342 2321 quod
377 2281 538 2311 interdum
563 2281 700 2318 integros
726 2279 792 2308 dies
818 2280 921 2308 stabat
945 2278 1097 2308 meditans
1113 2299 1121 2313 ‚
1157 2278 1201 2305 ita
1224 2281 1267 2306 ub

164 2345 229 2365 non
264 2336 397 2374 amplius
435 2337 554 2364 animus
592 2335 660 2372 ejus
694 2344 764 2362 cum
799 2333 894 2362 rebus
923 2333 1061 2361 externis
1100 2331 1273 2363 videreturs

166 2389 303 2427 junctus.
345 2388 395 2418 Cf.
420 2387 678 2417 Tenue-mann
702 2386 723 2416 1.
738 2386 759 2414 l.
784 2386 864 2414 'som
900 2385 946 2415 ll,
969 2395 1000 2422 p.
1022 2384 1069 2414 26.
