<?xml version="1.0" encoding="UTF-8"?>
<!DOCTYPE html PUBLIC "-//W3C//DTD XHTML 1.0 Transitional//EN"
    "http://www.w3.org/TR/xhtml1/DTD/xhtml1-transitional.dtd">
<html xmlns="http://www.w3.org/1999/xhtml" xml:lang="en" lang="en">
 <head>
  <title>
</title>
<meta http-equiv="Content-Type" content="text/html;charset=utf-8" />
  <meta name='ocr-system' content='tesseract 3.04.00' />
  <meta name='ocr-capabilities' content='ocr_page ocr_carea ocr_par ocr_line ocrx_word'/>
</head>
<body>
  <div class='ocr_page' id='page_1' title='image "annalesacademiae35rhen_0121.png"; bbox 0 0 1487 2625; ppageno 0'>
   <div class='ocr_carea' id='block_1_1' title="bbox 555 231 1273 290">
    <p class='ocr_par' dir='ltr' id='par_1_1' title="bbox 555 231 1273 290">
     <span class='ocr_line' id='line_1_1' title="bbox 555 231 1273 290; baseline 0.013 -21"><span class='ocrx_word' id='word_1_1' title='bbox 555 231 874 287; x_wconf 54' lang='lat' dir='ltr'><strong>PRAEFATIO.</strong></span> <span class='ocrx_word' id='word_1_2' title='bbox 1245 254 1273 290; x_wconf 75' lang='lat'>-5</span> 
     </span>
    </p>
   </div>
   <div class='ocr_carea' id='block_1_2' title="bbox 119 339 1266 1630">
    <p class='ocr_par' dir='ltr' id='par_1_2' title="bbox 119 339 1266 1630">
     <span class='ocr_line' id='line_1_2' title="bbox 149 339 1266 396; baseline 0.012 -22"><span class='ocrx_word' id='word_1_3' title='bbox 149 347 237 375; x_wconf 88' lang='lat' dir='ltr'>num</span> <span class='ocrx_word' id='word_1_4' title='bbox 266 346 309 376; x_wconf 74' lang='lat' dir='ltr'>vet</span> <span class='ocrx_word' id='word_1_5' title='bbox 335 339 432 376; x_wconf 83' lang='lat' dir='ltr'>varia</span> <span class='ocrx_word' id='word_1_6' title='bbox 458 340 654 379; x_wconf 85' lang='lat' dir='ltr'>reactionis</span> <span class='ocrx_word' id='word_1_7' title='bbox 683 342 817 384; x_wconf 85' lang='lat' dir='ltr'>indicia</span> <span class='ocrx_word' id='word_1_8' title='bbox 843 357 912 392; x_wconf 78' lang='lat' dir='ltr'>pro</span> <span class='ocrx_word' id='word_1_9' title='bbox 941 345 1047 383; x_wconf 87' lang='lat' dir='ltr'>variis</span> <span class='ocrx_word' id='word_1_10' title='bbox 1073 346 1266 396; x_wconf 76' lang='lat' dir='ltr'>prinpriis</span> 
     </span>
     <span class='ocr_line' id='line_1_3' title="bbox 146 420 1262 477; baseline 0.011 -21"><span class='ocrx_word' id='word_1_11' title='bbox 146 420 329 467; x_wconf 84' lang='lat' dir='ltr'>organicis</span> <span class='ocrx_word' id='word_1_12' title='bbox 372 431 408 459; x_wconf 90' lang='lat' dir='ltr'>et</span> <span class='ocrx_word' id='word_1_13' title='bbox 449 422 671 470; x_wconf 84' lang='lat' dir='ltr'>inorganicis</span> <span class='ocrx_word' id='word_1_14' title='bbox 712 427 881 464; x_wconf 79' lang='lat' dir='ltr'>admixtis</span> <span class='ocrx_word' id='word_1_15' title='bbox 927 438 1050 466; x_wconf 74' lang='lat' dir='ltr'>essent</span> <span class='ocrx_word' id='word_1_16' title='bbox 1092 430 1262 477; x_wconf 79' lang='lat' dir='ltr'>diversa,</span> 
     </span>
     <span class='ocr_line' id='line_1_4' title="bbox 139 503 1258 555; baseline 0.009 -17"><span class='ocrx_word' id='word_1_17' title='bbox 139 511 230 539; x_wconf 86' lang='lat' dir='ltr'>num</span> <span class='ocrx_word' id='word_1_18' title='bbox 255 503 405 550; x_wconf 84' lang='lat' dir='ltr'>minus,</span> <span class='ocrx_word' id='word_1_19' title='bbox 430 503 537 552; x_wconf 84' lang='lat' dir='ltr'>sique</span> <span class='ocrx_word' id='word_1_20' title='bbox 560 505 775 552; x_wconf 83' lang='lat' dir='ltr'>differrent,</span> <span class='ocrx_word' id='word_1_21' title='bbox 809 518 984 555; x_wconf 75' lang='lat' dir='ltr'>quaenam</span> <span class='ocrx_word' id='word_1_22' title='bbox 1017 509 1101 547; x_wconf 90' lang='lat' dir='ltr'>inde</span> <span class='ocrx_word' id='word_1_23' title='bbox 1126 511 1258 550; x_wconf 85' lang='lat' dir='ltr'>deduci</span> 
     </span>
     <span class='ocr_line' id='line_1_5' title="bbox 138 579 1177 637; baseline 0.01 -16"><span class='ocrx_word' id='word_1_24' title='bbox 138 594 317 632; x_wconf 83' lang='lat' dir='ltr'><strong>possent,</strong></span> <span class='ocrx_word' id='word_1_25' title='bbox 346 588 469 634; x_wconf 85' lang='lat' dir='ltr'>quoad</span> <span class='ocrx_word' id='word_1_26' title='bbox 491 579 639 626; x_wconf 83' lang='lat' dir='ltr'>illorum</span> <span class='ocrx_word' id='word_1_27' title='bbox 662 590 886 637; x_wconf 85' lang='lat' dir='ltr'>reagentium</span> <span class='ocrx_word' id='word_1_28' title='bbox 914 592 1177 632; x_wconf 79' lang='lat' dir='ltr'>efficacitatem.</span> 
     </span>
     <span class='ocr_line' id='line_1_6' title="bbox 189 667 1258 721; baseline 0.01 -17"><span class='ocrx_word' id='word_1_29' title='bbox 189 667 326 717; x_wconf 90' lang='lat' dir='ltr'>Quoad</span> <span class='ocrx_word' id='word_1_30' title='bbox 349 669 455 717; x_wconf 90' lang='lat' dir='ltr'>signa</span> <span class='ocrx_word' id='word_1_31' title='bbox 477 672 739 720; x_wconf 83' lang='lat' dir='ltr'>pathologica‚</span> <span class='ocrx_word' id='word_1_32' title='bbox 768 685 861 721; x_wconf 87' lang='lat' dir='ltr'>quae</span> <span class='ocrx_word' id='word_1_33' title='bbox 874 675 1028 713; x_wconf 83' lang='lat' dir='ltr'>durante</span> <span class='ocrx_word' id='word_1_34' title='bbox 1042 674 1115 714; x_wconf 90' lang='lat' dir='ltr'>vita</span> <span class='ocrx_word' id='word_1_35' title='bbox 1129 677 1258 718; x_wconf 85' lang='lat' dir='ltr'>obser-</span> 
     </span>
     <span class='ocr_line' id='line_1_7' title="bbox 135 754 1254 808; baseline 0.012 -23"><span class='ocrx_word' id='word_1_36' title='bbox 135 757 293 796; x_wconf 83' lang='lat' dir='ltr'><strong>vantur,</strong></span> <span class='ocrx_word' id='word_1_37' title='bbox 330 763 478 789; x_wconf 84' lang='lat' dir='ltr'>monere</span> <span class='ocrx_word' id='word_1_38' title='bbox 512 754 602 791; x_wconf 86' lang='lat' dir='ltr'>mihi</span> <span class='ocrx_word' id='word_1_39' title='bbox 641 755 775 801; x_wconf 84' lang='lat' dir='ltr'>liceat,</span> <span class='ocrx_word' id='word_1_40' title='bbox 815 768 871 794; x_wconf 86' lang='lat' dir='ltr'>me</span> <span class='ocrx_word' id='word_1_41' title='bbox 905 759 1128 808; x_wconf 83' lang='lat' dir='ltr'>plerumque</span> <span class='ocrx_word' id='word_1_42' title='bbox 1164 761 1254 807; x_wconf 89' lang='lat' dir='ltr'>quid</span> 
     </span>
     <span class='ocr_line' id='line_1_8' title="bbox 134 830 1250 888; baseline 0.011 -21"><span class='ocrx_word' id='word_1_43' title='bbox 134 830 319 879; x_wconf 86' lang='lat' dir='ltr'>singulare</span> <span class='ocrx_word' id='word_1_44' title='bbox 342 833 498 881; x_wconf 81' lang='lat' dir='ltr'>singulis</span> <span class='ocrx_word' id='word_1_45' title='bbox 527 835 664 874; x_wconf 87' lang='lat' dir='ltr'>inesset</span> <span class='ocrx_word' id='word_1_46' title='bbox 690 838 1041 886; x_wconf 82' lang='lat' dir='ltr'>observationibus,</span> <span class='ocrx_word' id='word_1_47' title='bbox 1069 851 1250 888; x_wconf 89' lang='lat' dir='ltr'>quantum</span> 
     </span>
     <span class='ocr_line' id='line_1_9' title="bbox 134 914 1252 966; baseline 0.011 -16"><span class='ocrx_word' id='word_1_48' title='bbox 134 914 266 960; x_wconf 88' lang='lat' dir='ltr'>potui,</span> <span class='ocrx_word' id='word_1_49' title='bbox 300 915 460 953; x_wconf 75' lang='lat' dir='ltr'>breviter</span> <span class='ocrx_word' id='word_1_50' title='bbox 486 917 694 966; x_wconf 84' lang='lat' dir='ltr'><strong>indicasse,</strong></span> <span class='ocrx_word' id='word_1_51' title='bbox 722 932 805 958; x_wconf 83' lang='lat' dir='ltr'>cum</span> <span class='ocrx_word' id='word_1_52' title='bbox 834 922 872 958; x_wconf 88' lang='lat' dir='ltr'>in</span> <span class='ocrx_word' id='word_1_53' title='bbox 898 923 1053 960; x_wconf 85' lang='lat' dir='ltr'>diversis</span> <span class='ocrx_word' id='word_1_54' title='bbox 1081 925 1252 962; x_wconf 85' lang='lat' dir='ltr'>veneficii</span> 
     </span>
     <span class='ocr_line' id='line_1_10' title="bbox 134 998 1250 1053; baseline 0.01 -20"><span class='ocrx_word' id='word_1_55' title='bbox 134 998 342 1037; x_wconf 88' lang='lat' dir='ltr'>arsenicalis</span> <span class='ocrx_word' id='word_1_56' title='bbox 374 1002 550 1049; x_wconf 75' lang='lat' dir='ltr'>exemplis</span> <span class='ocrx_word' id='word_1_57' title='bbox 579 1012 827 1050; x_wconf 83' lang='lat' dir='ltr'>symptomata</span> <span class='ocrx_word' id='word_1_58' title='bbox 852 1005 955 1042; x_wconf 86' lang='lat' dir='ltr'>valde</span> <span class='ocrx_word' id='word_1_59' title='bbox 982 1006 1057 1042; x_wconf 89' lang='lat' dir='ltr'>sint</span> <span class='ocrx_word' id='word_1_60' title='bbox 1078 1005 1222 1044; x_wconf 85' lang='lat' dir='ltr'>diversa</span> <span class='ocrx_word' id='word_1_61' title='bbox 1238 1034 1250 1053; x_wconf 85' lang='lat'><strong>‚</strong></span> 
     </span>
     <span class='ocr_line' id='line_1_11' title="bbox 131 1080 1250 1133; baseline 0.01 -18"><span class='ocrx_word' id='word_1_62' title='bbox 131 1087 167 1115; x_wconf 92' lang='lat' dir='ltr'>et</span> <span class='ocrx_word' id='word_1_63' title='bbox 193 1080 261 1117; x_wconf 86' lang='lat' dir='ltr'>alia</span> <span class='ocrx_word' id='word_1_64' title='bbox 288 1081 470 1120; x_wconf 82' lang='lat' dir='ltr'>interdum</span> <span class='ocrx_word' id='word_1_65' title='bbox 501 1084 538 1120; x_wconf 92' lang='lat' dir='ltr'>in</span> <span class='ocrx_word' id='word_1_66' title='bbox 563 1085 644 1123; x_wconf 77' lang='lat' dir='ltr'>aiiis</span> <span class='ocrx_word' id='word_1_67' title='bbox 674 1086 824 1133; x_wconf 83' lang='lat' dir='ltr'>adsint,</span> <span class='ocrx_word' id='word_1_68' title='bbox 860 1087 897 1123; x_wconf 92' lang='lat' dir='ltr'>in</span> <span class='ocrx_word' id='word_1_69' title='bbox 922 1087 1003 1124; x_wconf 85' lang='lat' dir='ltr'>aliis</span> <span class='ocrx_word' id='word_1_70' title='bbox 1029 1088 1096 1126; x_wconf 83' lang='lat' dir='ltr'>alia</span> <span class='ocrx_word' id='word_1_71' title='bbox 1123 1089 1250 1126; x_wconf 82' lang='lat' dir='ltr'>difice-</span> 
     </span>
     <span class='ocr_line' id='line_1_12' title="bbox 128 1165 1248 1217; baseline 0.008 -18"><span class='ocrx_word' id='word_1_72' title='bbox 128 1171 218 1211; x_wconf 81' lang='lat' dir='ltr'>ant3</span> <span class='ocrx_word' id='word_1_73' title='bbox 265 1176 341 1211; x_wconf 87' lang='lat' dir='ltr'>quo</span> <span class='ocrx_word' id='word_1_74' title='bbox 382 1165 424 1202; x_wconf 89' lang='lat' dir='ltr'>fit</span> <span class='ocrx_word' id='word_1_75' title='bbox 464 1175 505 1204; x_wconf 86' lang='lat' dir='ltr'>ut</span> <span class='ocrx_word' id='word_1_76' title='bbox 542 1167 737 1204; x_wconf 80' lang='lat' dir='ltr'>delineatio</span> <span class='ocrx_word' id='word_1_77' title='bbox 772 1179 1063 1217; x_wconf 79' lang='lat' dir='ltr'>symptomatum</span> <span class='ocrx_word' id='word_1_78' title='bbox 1105 1180 1248 1208; x_wconf 91' lang='lat' dir='ltr'>tantum</span> 
     </span>
     <span class='ocr_line' id='line_1_13' title="bbox 127 1245 1246 1301; baseline 0.011 -22"><span class='ocrx_word' id='word_1_79' title='bbox 127 1245 305 1291; x_wconf 79' lang='lat' dir='ltr'>generalis</span> <span class='ocrx_word' id='word_1_80' title='bbox 331 1256 497 1285; x_wconf 86' lang='lat' dir='ltr'>accurata</span> <span class='ocrx_word' id='word_1_81' title='bbox 523 1249 594 1286; x_wconf 85' lang='lat' dir='ltr'>dici</span> <span class='ocrx_word' id='word_1_82' title='bbox 618 1259 693 1286; x_wconf 88' lang='lat' dir='ltr'>non</span> <span class='ocrx_word' id='word_1_83' title='bbox 723 1252 868 1298; x_wconf 80' lang='lat' dir='ltr'>possit,</span> <span class='ocrx_word' id='word_1_84' title='bbox 904 1262 1024 1299; x_wconf 85' lang='lat' dir='ltr'>neque</span> <span class='ocrx_word' id='word_1_85' title='bbox 1051 1252 1165 1301; x_wconf 80' lang='lat' dir='ltr'>igitur</span> <span class='ocrx_word' id='word_1_86' title='bbox 1189 1254 1246 1291; x_wconf 92' lang='lat' dir='ltr'>in-</span> 
     </span>
     <span class='ocr_line' id='line_1_14' title="bbox 124 1327 1246 1382; baseline 0.009 -18"><span class='ocrx_word' id='word_1_87' title='bbox 124 1327 264 1364; x_wconf 86' lang='lat' dir='ltr'>servire</span> <span class='ocrx_word' id='word_1_88' title='bbox 295 1330 340 1365; x_wconf 91' lang='lat' dir='ltr'>ad</span> <span class='ocrx_word' id='word_1_89' title='bbox 376 1330 606 1376; x_wconf 79' lang='lat' dir='ltr'>probandum</span> <span class='ocrx_word' id='word_1_90' title='bbox 640 1332 886 1380; x_wconf 77' lang='lat' dir='ltr'>veneficium,</span> <span class='ocrx_word' id='word_1_91' title='bbox 928 1346 1151 1382; x_wconf 86' lang='lat' dir='ltr'>quacunque</span> <span class='ocrx_word' id='word_1_92' title='bbox 1184 1337 1246 1374; x_wconf 84' lang='lat' dir='ltr'>de·</span> 
     </span>
     <span class='ocr_line' id='line_1_15' title="bbox 123 1411 1241 1456; baseline 0.009 -10"><span class='ocrx_word' id='word_1_93' title='bbox 123 1421 223 1447; x_wconf 89' lang='lat' dir='ltr'>mum</span> <span class='ocrx_word' id='word_1_94' title='bbox 253 1411 395 1449; x_wconf 81' lang='lat' dir='ltr'>ratione</span> <span class='ocrx_word' id='word_1_95' title='bbox 419 1420 454 1449; x_wconf 88' lang='lat' dir='ltr'>et</span> <span class='ocrx_word' id='word_1_96' title='bbox 477 1414 588 1451; x_wconf 89' lang='lat' dir='ltr'>modo</span> <span class='ocrx_word' id='word_1_97' title='bbox 616 1414 707 1452; x_wconf 83' lang='lat' dir='ltr'>illud</span> <span class='ocrx_word' id='word_1_98' title='bbox 734 1414 846 1453; x_wconf 77' lang='lat' dir='ltr'>fuerit</span> <span class='ocrx_word' id='word_1_99' title='bbox 878 1416 1110 1456; x_wconf 81' lang='lat' dir='ltr'>institutum.</span> <span class='ocrx_word' id='word_1_100' title='bbox 1162 1419 1241 1456; x_wconf 86' lang='lat' dir='ltr'>Ubi</span> 
     </span>
     <span class='ocr_line' id='line_1_16' title="bbox 121 1497 1238 1548; baseline 0.008 -18"><span class='ocrx_word' id='word_1_101' title='bbox 121 1500 264 1541; x_wconf 81' lang='lat' dir='ltr'>tamen,</span> <span class='ocrx_word' id='word_1_102' title='bbox 291 1503 368 1532; x_wconf 89' lang='lat' dir='ltr'>tum</span> <span class='ocrx_word' id='word_1_103' title='bbox 403 1506 557 1544; x_wconf 79' lang='lat' dir='ltr'>propter</span> <span class='ocrx_word' id='word_1_104' title='bbox 597 1497 899 1536; x_wconf 77' lang='lat' dir='ltr'>observationum</span> <span class='ocrx_word' id='word_1_105' title='bbox 936 1501 1238 1548; x_wconf 72' lang='lat' dir='ltr'>multitudinem,</span> 
     </span>
     <span class='ocr_line' id='line_1_17' title="bbox 119 1578 1238 1630; baseline 0.007 -17"><span class='ocrx_word' id='word_1_106' title='bbox 119 1585 198 1614; x_wconf 86' lang='lat' dir='ltr'>tum</span> <span class='ocrx_word' id='word_1_107' title='bbox 231 1579 290 1615; x_wconf 90' lang='lat' dir='ltr'>vel</span> <span class='ocrx_word' id='word_1_108' title='bbox 322 1578 500 1626; x_wconf 83' lang='lat' dir='ltr'><strong>imprimis</strong></span> <span class='ocrx_word' id='word_1_109' title='bbox 529 1592 682 1628; x_wconf 76' lang='lat' dir='ltr'>propter</span> <span class='ocrx_word' id='word_1_110' title='bbox 705 1592 995 1630; x_wconf 73' lang='lat' dir='ltr'>symptomatum</span> <span class='ocrx_word' id='word_1_111' title='bbox 1023 1583 1238 1621; x_wconf 82' lang='lat' dir='ltr'>similitudi—</span> 
     </span>
    </p>
   </div>
   <div class='ocr_carea' id='block_1_3' title="bbox 118 1660 1235 1716">
    <p class='ocr_par' dir='ltr' id='par_1_3' title="bbox 118 1660 1235 1716">
     <span class='ocr_line' id='line_1_18' title="bbox 118 1660 1235 1716; baseline 0.008 -20"><span class='ocrx_word' id='word_1_112' title='bbox 118 1669 229 1707; x_wconf 82' lang='lat' dir='ltr'>nem,</span> <span class='ocrx_word' id='word_1_113' title='bbox 255 1660 341 1699; x_wconf 88' lang='lat' dir='ltr'>haec</span> <span class='ocrx_word' id='word_1_114' title='bbox 378 1662 568 1700; x_wconf 81' lang='lat' dir='ltr'>succincte</span> <span class='ocrx_word' id='word_1_115' title='bbox 600 1664 734 1711; x_wconf 77' lang='lat' dir='ltr'>exponi</span> <span class='ocrx_word' id='word_1_116' title='bbox 771 1677 907 1712; x_wconf 80' lang='lat' dir='ltr'>posse,</span> <span class='ocrx_word' id='word_1_117' title='bbox 944 1666 1088 1714; x_wconf 80' lang='lat' dir='ltr'>absque</span> <span class='ocrx_word' id='word_1_118' title='bbox 1115 1667 1235 1716; x_wconf 82' lang='lat' dir='ltr'>ipsius</span> 
     </span>
    </p>
   </div>
   <div class='ocr_carea' id='block_1_4' title="bbox 53 1745 1233 1798">
    <p class='ocr_par' dir='ltr' id='par_1_4' title="bbox 53 1745 1233 1798">
     <span class='ocr_line' id='line_1_19' title="bbox 53 1745 1233 1798; baseline 0.008 -20"><span class='ocrx_word' id='word_1_119' title='bbox 53 1771 61 1791; x_wconf 44' lang='lat' dir='ltr'>s</span> <span class='ocrx_word' id='word_1_120' title='bbox 116 1745 322 1792; x_wconf 81' lang='lat' dir='ltr'>argumenti</span> <span class='ocrx_word' id='word_1_121' title='bbox 359 1746 518 1794; x_wconf 83' lang='lat' dir='ltr'>damno,</span> <span class='ocrx_word' id='word_1_122' title='bbox 558 1747 645 1785; x_wconf 82' lang='lat' dir='ltr'>mihi</span> <span class='ocrx_word' id='word_1_123' title='bbox 684 1745 909 1795; x_wconf 59' lang='lat' dir='ltr'>visa&#39;sunt‚</span> <span class='ocrx_word' id='word_1_124' title='bbox 945 1750 1027 1798; x_wconf 78' lang='lat' dir='ltr'>jure</span> <span class='ocrx_word' id='word_1_125' title='bbox 1062 1762 1080 1791; x_wconf 88' lang='lat' dir='ltr'>a</span> <span class='ocrx_word' id='word_1_126' title='bbox 1122 1751 1233 1787; x_wconf 89' lang='lat' dir='ltr'>modo</span> 
     </span>
    </p>
   </div>
   <div class='ocr_carea' id='block_1_5' title="bbox 110 1826 1237 2369">
    <p class='ocr_par' dir='ltr' id='par_1_5' title="bbox 110 1826 1237 2293">
     <span class='ocr_line' id='line_1_20' title="bbox 113 1826 1237 1880; baseline 0.005 -16"><span class='ocrx_word' id='word_1_127' title='bbox 113 1826 211 1864; x_wconf 87' lang='lat' dir='ltr'>dicta</span> <span class='ocrx_word' id='word_1_128' title='bbox 237 1828 367 1875; x_wconf 88' lang='lat' dir='ltr'>agendi</span> <span class='ocrx_word' id='word_1_129' title='bbox 393 1829 534 1866; x_wconf 84' lang='lat' dir='ltr'>ratione</span> <span class='ocrx_word' id='word_1_130' title='bbox 560 1842 616 1867; x_wconf 88' lang='lat' dir='ltr'>me</span> <span class='ocrx_word' id='word_1_131' title='bbox 640 1830 857 1869; x_wconf 72' lang='lat' dir='ltr'>discessisse</span> <span class='ocrx_word' id='word_1_132' title='bbox 878 1844 988 1880; x_wconf 83' lang='lat' dir='ltr'>spero</span> <span class='ocrx_word' id='word_1_133' title='bbox 1005 1861 1016 1878; x_wconf 78' lang='lat'>,</span> <span class='ocrx_word' id='word_1_134' title='bbox 1042 1844 1089 1870; x_wconf 84' lang='lat' dir='ltr'>ne</span> <span class='ocrx_word' id='word_1_135' title='bbox 1108 1833 1237 1871; x_wconf 88' lang='lat' dir='ltr'>imme-</span> 
     </span>
     <span class='ocr_line' id='line_1_21' title="bbox 114 1910 1230 1959; baseline 0.005 -13"><span class='ocrx_word' id='word_1_136' title='bbox 114 1910 187 1946; x_wconf 88' lang='lat' dir='ltr'>rito</span> <span class='ocrx_word' id='word_1_137' title='bbox 208 1913 377 1959; x_wconf 77' lang='lat' dir='ltr'>augerem</span> <span class='ocrx_word' id='word_1_138' title='bbox 403 1913 576 1959; x_wconf 86' lang='lat' dir='ltr'>opusculi</span> <span class='ocrx_word' id='word_1_139' title='bbox 599 1915 748 1951; x_wconf 82' lang='lat' dir='ltr'>molem.</span> <span class='ocrx_word' id='word_1_140' title='bbox 813 1914 944 1951; x_wconf 82' lang='lat' dir='ltr'>Defuit</span> <span class='ocrx_word' id='word_1_141' title='bbox 966 1914 1054 1951; x_wconf 84' lang='lat' dir='ltr'>mihi</span> <span class='ocrx_word' id='word_1_142' title='bbox 1085 1915 1230 1952; x_wconf 81' lang='lat' dir='ltr'>occasio</span> 
     </span>
     <span class='ocr_line' id='line_1_22' title="bbox 113 1993 1230 2043; baseline 0.002 -11"><span class='ocrx_word' id='word_1_143' title='bbox 113 2001 156 2032; x_wconf 86' lang='lat' dir='ltr'>ut</span> <span class='ocrx_word' id='word_1_144' title='bbox 179 1993 336 2032; x_wconf 90' lang='lat' dir='ltr'>ulterius</span> <span class='ocrx_word' id='word_1_145' title='bbox 364 1994 569 2043; x_wconf 84' lang='lat' dir='ltr'>indagarem</span> <span class='ocrx_word' id='word_1_146' title='bbox 594 1995 667 2032; x_wconf 88' lang='lat' dir='ltr'>vim</span> <span class='ocrx_word' id='word_1_147' title='bbox 693 1995 864 2041; x_wconf 85' lang='lat' dir='ltr'>arsenici‚</span> <span class='ocrx_word' id='word_1_148' title='bbox 905 2008 977 2043; x_wconf 88' lang='lat' dir='ltr'>qua</span> <span class='ocrx_word' id='word_1_149' title='bbox 1010 1997 1230 2034; x_wconf 85' lang='lat' dir='ltr'>cadaverum</span> 
     </span>
     <span class='ocr_line' id='line_1_23' title="bbox 110 2075 1228 2127; baseline 0.004 -15"><span class='ocrx_word' id='word_1_150' title='bbox 110 2086 157 2112; x_wconf 89' lang='lat' dir='ltr'>eo</span> <span class='ocrx_word' id='word_1_151' title='bbox 183 2075 446 2115; x_wconf 83' lang='lat' dir='ltr'>defunctorum</span> <span class='ocrx_word' id='word_1_152' title='bbox 479 2078 706 2125; x_wconf 84' lang='lat' dir='ltr'>putredinem</span> <span class='ocrx_word' id='word_1_153' title='bbox 732 2091 853 2115; x_wconf 82' lang='lat' dir='ltr'>arcere</span> <span class='ocrx_word' id='word_1_154' title='bbox 872 2079 969 2116; x_wconf 77' lang='lat' dir='ltr'>valet</span> <span class='ocrx_word' id='word_1_155' title='bbox 986 2107 998 2125; x_wconf 76' lang='lat'>,</span> <span class='ocrx_word' id='word_1_156' title='bbox 1026 2091 1120 2126; x_wconf 88' lang='lat' dir='ltr'>quae</span> <span class='ocrx_word' id='word_1_157' title='bbox 1144 2091 1228 2127; x_wconf 85' lang='lat' dir='ltr'>res,</span> 
     </span>
     <span class='ocr_line' id='line_1_24' title="bbox 112 2158 1229 2208; baseline 0.005 -14"><span class='ocrx_word' id='word_1_158' title='bbox 112 2158 292 2207; x_wconf 86' lang='lat' dir='ltr'>imprimis</span> <span class='ocrx_word' id='word_1_159' title='bbox 341 2161 464 2208; x_wconf 84' lang='lat' dir='ltr'>quoad</span> <span class='ocrx_word' id='word_1_160' title='bbox 514 2161 737 2199; x_wconf 86' lang='lat' dir='ltr'>Medicinam</span> <span class='ocrx_word' id='word_1_161' title='bbox 790 2161 976 2199; x_wconf 84' lang='lat' dir='ltr'>forensem</span> <span class='ocrx_word' id='word_1_162' title='bbox 994 2189 1005 2208; x_wconf 61' lang='lat' dir='ltr'>a</span> <span class='ocrx_word' id='word_1_163' title='bbox 1055 2163 1229 2201; x_wconf 82' lang='lat' dir='ltr'>ulteriore</span> 
     </span>
     <span class='ocr_line' id='line_1_25' title="bbox 110 2240 975 2293; baseline 0.01 -17"><span class='ocrx_word' id='word_1_164' title='bbox 110 2240 273 2279; x_wconf 85' lang='lat' dir='ltr'>examine</span> <span class='ocrx_word' id='word_1_165' title='bbox 300 2243 417 2281; x_wconf 87' lang='lat' dir='ltr'>adhuc</span> <span class='ocrx_word' id='word_1_166' title='bbox 445 2243 597 2281; x_wconf 89' lang='lat' dir='ltr'>omnino</span> <span class='ocrx_word' id='word_1_167' title='bbox 626 2244 786 2293; x_wconf 81' lang='lat' dir='ltr'>indigere</span> <span class='ocrx_word' id='word_1_168' title='bbox 815 2245 975 2285; x_wconf 71' lang='lat' dir='ltr'>videtui·-</span> 
     </span>
    </p>

    <p class='ocr_par' dir='ltr' id='par_1_6' title="bbox 1132 2331 1228 2369">
     <span class='ocr_line' id='line_1_26' title="bbox 1132 2331 1228 2369; baseline 0 0"><span class='ocrx_word' id='word_1_169' title='bbox 1132 2331 1228 2369; x_wconf 80' lang='lat' dir='ltr'>Cae-</span> 
     </span>
    </p>
   </div>
  </div>
 </body>
</html>
