1487 2625
556 183 908 228 MEDICA.
1239 192 1298 246 ‘19

171 298 284 337 mus,
320 297 359 328 at
396 302 487 330 vero
521 292 617 341 hae,
652 306 737 334 cum
772 305 903 336 natura
940 310 1009 338 sua
1043 301 1150 340 valde
1173 302 1250 343 sint
1271 317 1293 344 a

166 358 364 408 descriptis
404 361 596 412 diversae,
638 366 751 405 alium
790 367 898 407 etiam
939 379 1127 420 occupent
1161 373 1287 413 locum

166 440 318 470 necesse
345 431 428 472 erit.
463 459 465 461 ·

672 592 707 642 §.
735 610 776 644 4.

207 736 390 777 Remanet
421 740 565 779 tandem
600 751 642 780 ut
666 736 957 794 aliam'earnque
983 749 1150 787 ultimam
1177 749 1281 788 exhi·

156 805 310 845 beamus
334 809 584 849 diversitatem
601 840 613 859 ‚
642 825 735 861 quae
763 814 800 852 in
829 815 944 866 hujus
974 820 1084 857 seriei
1110 820 1284 880 historiis

152 878 321 916 veneficii
356 881 480 918 nostri
520 883 747 931 quandoque
785 881 946 925 obtinet.
1015 890 1144 927 Veluti
1181 890 1278 929 enim

153 946 276 984 morbi
311 947 460 988 initium
504 950 628 991 differt
666 965 776 1003 saepe
816 967 852 995 et
894 958 1100 1007 terminus,
1143 961 1198 998 sic
1239 970 1277 1000 et

148 1015 270 1064 ipsius
298 1020 466 1058 veneficii
491 1022 671 1061 decursus
697 1025 797 1063 haud
820 1038 902 1065 raro
927 1027 977 1066 ita
999 1031 1095 1067 solet
1116 1031 1273 1079 mutari,

144 1096 187 1125 ut
211 1089 351 1136 multa,
389 1102 483 1139 quae
508 1092 595 1131 alias
620 1094 812 1134 observari
835 1098 959 1136 solent
986 1109 1263 1150 symptomata,

142 1158 330 1198 deficiant.

194 1227 456 1277 Wepferus
479 1231 671 1273 historiam
698 1233 813 1274 refert
833 1240 967 1286 pueri,
993 1238 1030 1276 in
1052 1252 1127 1288 quo
1145 1241 1268 1293 omnia·

142 1306 422 1348 symptomata,
463 1303 780 1343 convulsionibus
823 1317 858 1344 et
893 1310 1037 1347 vomitu
1074 1310 1266 1359 exceptis,

142 1376 227 1406 ante
275 1380 431 1408 mortem
470 1371 636 1412 fuerunt*
674 1374 872 1415 observata
908 1378 993 1428 (1).
1065 1381 1263 1422 Vomitum

135 1437 291 1476 deficere
318 1440 495 1489 quidem,
523 1444 666 1492 reliqua
688 1457 779 1483 vero
808 1446 1027 1487 irritationis
1055 1450 1159 1500 signa
1182 1464 1266 1491 om·-

131 1510 192 1547 nia
217 1510 374 1558 adesse,
412 1512 506 1551 vidit
541 1514 643 1553 doct.
671 1516 755 1565 Pyl
783 1517 868 1566 (2).
922 1519 1260 1570 Morgagnius

136 1579 433 1619 observationem
467 1583 580 1622 edidit
614 1585 710 1632 viri,
749 1588 967 1635 vulgaribus
997 1586 1261 1640 symptomati-

130 1648 202 1687 bus
231 1652 423 1700 correpti,
459 1653 540 1691 sine
578 1656 653 1692 ullo
685 1665 806 1695 tamen
835 1659 965 1697 dolore
997 1670 1060 1698 aut
1087 1663 1261 1702 tensione·

92 1708 95 1713 Α
128 1719 168 1756 in
197 1721 321 1759 cordis
358 1723 572 1762 scrobiculo
604 1734 640 1763 et
670 1728 813 1775 reliqua
848 1731 1044 1769 ventriculi
1074 1734 1253 1782 regione3

126 1790 285 1828 revaluit
321 1791 405 1840 (3).
479 1794 590 1833 Mors
619 1804 740 1835 tamen
774 1799 940 1838 insecuta
977 1803 1137 1851 legitur,
1174 1818 1254 1867 mo-

124 1868 235 1898 nente
269 1861 364 1909 illo,
394 1862 431 1900 in
458 1862 661 1914 foemina,
685 1869 778 1906 intra
812 1870 938 1908 horam
975 1884 994 1909 a
1018 1858 1247 1920 pastillorum

121 1941 388 1971 venenatorum
415 1945 482 1972 esu
510 1935 791 1986 duodecimam,
819 1940 954 1979 virium
971 1952 1097 1990 potius
1112 1944 1239 1992 lapsu,

123 2014 234 2050 quam
270 2003 477 2042 acrioribus
513 2008 742 2055 praegressis
779 2009 976 2048 doloribus
1010 2012 1093 2061 (4).
1160 2014 1243 2052 Alia

1130 2094 1239 2130 pros⁴

156 2140 206 2182 (1)
229 2140 255 2172 1.
280 2151 310 2172 c.
331 2143 490 2173 Historia
510 2142 539 2173 1.
560 2153 594 2182 p.
617 2143 676 2185 347
700 2148 733 2174 et
755 2143 827 2186 349.

157 2195 207 2235 (ι)
230 2194 253 2225 1.
274 2206 304 2226 e.

159 2248 208 2289 (3)
232 2249 255 2278 Ι.
277 2259 306 2279 c.
328 2250 441 2290 Epist.
464 2249 562 2281 LIX.
586 2254 648 2281 art.
661 2250 693 2282 6.

155 2301 207 2345 (4)
229 2301 309 2332 ibid.
331 2306 391 2332 nrt.
406 2302 437 2333 3.

632 2364 711 2402 132
