1487 2625
228 189 277 226 86
441 182 1126 225 COMMENTATIO.

281 295 342 333 Ad
362 293 626 343 sejungendum
651 291 772 341 ipsum
799 304 819 331 a
834 294 981 330 metallo
1002 293 1235 341 Oxygenium
1252 321 1265 340 ,
1280 293 1342 331 ad·

230 365 381 403 hibetur
422 364 537 411 vulgo
582 362 693 400 carbo
742 371 906 400 recenter
953 362 1188 400 candefactus
1212 391 1224 410 ,
1283 364 1343 401 vel

232 434 361 473 fluxus
383 433 487 482 niger
511 432 788 471 Subcarbonate
811 433 982 470 Potassae
1003 441 1039 470 et
1060 432 1220 470 carbone
1242 444 1345 470 com-

231 505 379 553 positus
416 503 500 553 (1).
553 503 619 541 Ille
648 501 823 541 convenit
840 530 852 550 ,
880 502 912 539 si
949 513 1056 551 parca
1080 510 1222 540 tantum
1246 502 1344 541 adsit

228 574 324 615 acidi
355 574 558 613 arsenicosi
604 573 820 621 quantitas,
860 583 956 620 quae
996 571 1090 609 tubo
1123 571 1343 610 immittatur

229 655 344 692 atque
384 644 556 683 carbonis
604 642 768 682 frustulo
804 650 928 689 tecta,
980 642 1146 681 flammae
1185 640 1344 690 spiritus

229 715 336 761 vini,
387 715 450 752 tali
484 714 626 752 ratione
660 721 894 761 exponetur,
940 721 981 750 ut
1017 710 1176 760 primum
1219 711 1345 749 incan-

228 785 352 823 desca't
380 783 553 822 carbonis
588 783 825 829 frustulum,
864 782 995 820 deinde
1024 792 1113 819 vero
1146 782 1310 829 oxydum
1328 808 1343 828 ,

231 855 334 902 quod
364 853 543 892 carbonio
564 853 801 902 Oxygeniutn
827 860 916 890 tunc
941 852 1076 899 tradit,
1103 852 1190 890 dum
1219 851 1346 888 metal-

229 926 305 963 lum
341 924 400 962 illi
416 923 498 962 tubi
526 923 671 973 regioni
694 931 843 973 apparet
865 923 1086 970 applicatum
1102 949 1115 968 ‚
1130 933 1224 968 quae
1242 921 1344 959 fiam-

228 1006 308 1035 mae
329 993 403 1032 fuit
429 993 611 1042 proxima.

280 1064 407 1112 Major
439 1062 471 1102 si
496 1062 547 1101 sit
580 1062 712 1101 veneni
736 1061 945 1109 quantitas,
982 1061 1113 1101 fluxus.
1131 1060 1235 1109 niger
1259 1068 1344 1097 ante

226 1145 312 1175 cum
355 1134 481 1182 oxydo
511 1132 649 1171 mixtus
676 1133 720 1170 ad
744 1132 1024 1177 reductionem,
1054 1131 1180 1169 iisdem
1212 1131 1343 1168 obser-

228 1204 324 1243 vatis
347 1202 526 1250 cautelis,
552 1201 732 1240 inservire
755 1210 896 1250 potest.

277 1273 525 1313 Praetulimus
552 1280 672 1310 autem
697 1283 783 1320 prae
804 1272 935 1318 fluxu,
965 1273 1086 1319 ipsum
1113 1271 1309 1309 carbonem
1326 1299 1342 1319 ,

227 1344 408 1393 imprimis
452 1343 490 1380 in
524 1342 668 1379 minore
701 1341 833 1380 veneni
866 1342 1091 1388 quantitate,
1130 1353 1213 1379 cum
1240 1341 1341 1380 illius

228 1425 300 1462 ope
350 1423 461 1450 omne
502 1413 688 1450 metallum
726 1411 875 1449 restitui
920 1422 996 1449 non
1040 1411 1234 1458 videatur,
1274 1413 1342 1451 sed

226 1484 397 1523 Potassio
426 1483 552 1521 fluxus
584 1494 652 1531 pro
673 1491 775 1530 parte
789 1490 931 1520 maneat
951 1482 1146 1520 sociatum.
1174 1483 1342 1521 Chris-

226 1554 357 1592 tison
389 1553 484 1591 enim
505 1581 517 1599 ,
545 1564 590 1590 ex
616 1551 709 1592 acidi
747 1552 947 1590 arsenicosi
977 1552 1099 1600 granis
1135 1566 1155 1591 2
1173 1581 1187 1600 ,
1213 1552 1338 1592 fluxus

228 1637 300 1673 ope
327 1632 467 1662 tantum
511 1628 629 1672 0‚635
669 1623 768 1671 grani
809 1631 930 1670 partes
972 1623 1106 1660 metalli
1144 1623 1336 1672 restituit,

223 1695 404 1736 dImidiam
433 1694 557 1741 itaque
581 1693 726 1730 circiter
758 1701 895 1740 partem
938 1693 1099 1739 metalli,
1139 1695 1240 1741 qnod
1272 1696 1340 1736 tali

225 1764 339 1813 oxydi
377 1764 484 1811 copia
523 1762 709 1800 contineri
743 1764 868 1808 solet,
912 1773 996 1799 cum
1029 1774 1181 1812 granum
1217 1767 1334 1813 1,6o7

224 1834 429 1883 exspectari
466 1834 679 1882 potuissent
710 1833 795 1881 (α).
859 1833 944 1880 Ipse
983 1845 1026 1871 ex
1063 1834 1184 1871 eadem
1221 1835 1335 1881 oxydi

1218 1914 1335 1950 quan-

263 1987 315 2026 (ι)
340 1985 550 2023 praeparatur
577 1983 634 2013 ille
656 1984 762 2014 fluxus
782 1994 819 2014 ex
842 1994 860 2014 2
880 1985 931 2015 vel
952 1985 989 2024 2³¹:
1010 1986 1155 2024 partibus
1175 1984 1337 2016 Tan-tratis

226 2040 373 2070 Potassae
388 2039 695 2073 acidulae(Cremor
713 2039 797 2068 enim
813 2039 943 2069 Tartari
957 2041 1099 2072 continet
1112 2042 1243 2072 'sartras
1252 2043 1334 2073 Cal-

226 2094 272 2124 cis
289 2094 315 2133 ,)
335 2102 346 2122 ι
363 2091 448 2130 parti
475 2091 616 2121 Nitratis
642 2091 790 2122 Potassae
815 2093 923 2123 mixtis
937 2096 1014 2124 etin
1029 2096 1197 2126 crucibulo
1211 2097 1332 2127 rubore

225 2146 468 2177 incandescente
500 2145 739 2184 decompositis.
786 2145 815 2176 T
830 2145 848 2175 h
865 2147 881 2176 ὁ
895 2157 915 2176 n
929 2157 945 2176 a
959 2158 974 2177 r
988 2148 1006 2177 d
1027 2169 1036 2186 ‚
1066 2149 1089 2178 l.
1110 2159 1138 2178 c.
1161 2149 1254 2182 Tom.
1282 2150 1331 2183 11.

221 2213 254 2243 P.
275 2201 328 2231 44·

265 2255 315 2292 (a)
337 2251 527 2284 clu-itti
545 2262 643 2288 son,
669 2252 749 2282 ibid.
