1487 2625
209 199 257 242 86
427 198 1083 239 COMMENTATIO

211 319 317 352 ners
341 307 408 356 (1)
429 307 714 354 probabiliorem
739 307 828 345 dicit
855 307 1099 355 sententiam,
1139 318 1211 355 qua
1239 306 1317 345 So·

209 387 371 417 crates
395 377 573 415 statuitur
599 386 754 415 mentem
782 377 954 414 Divinam
980 385 1163 423 tamquam
1193 387 1316 427 corpo·

211 457 313 486 ream
337 444 581 483 substantiam
609 445 820 493 cogitasse,
859 445 944 492 quia
978 454 1013 482 et
1039 446 1139 482 Deos
1168 444 1316 482 inferio·

212 526 295 561 res,
334 523 371 552 et
403 515 592 552 hominum
633 514 775 555 animos
797 526 840 551 ex
867 515 999 551 summi
1025 513 1202 551 Numinis
1233 514 1318 552 sinu

213 584 399 623 effluxisse
445 593 597 625 statuat.
664 584 826 623 Primum
869 584 961 621 illud
995 595 1038 621 ex
1078 594 1122 621 eo
1158 582 1319 632 probat,

212 655 315 702 quod
344 665 472 694 omnes
499 655 671 702 deinceps
698 654 882 692 Socratici
905 654 942 691 in
969 665 1007 690 ea
1035 652 1210 701 opinione
1238 651 1320 690 fue·

211 724 314 770 rint,
352 733 389 762 et
416 724 518 772 quod
541 735 617 761 non
646 733 843 771 appareat,
888 735 964 770 quo
990 722 1061 760 alio
1083 723 1195 760 modo
1222 722 1323 761 Deo·

211 804 290 830 rum
339 792 555 832 inferiorum
598 793 773 842 originem
813 792 884 830 sibi
920 793 1100 840 explicare
1138 790 1319 840 potuerit.

209 863 264 903 Ita
286 874 374 900 vero
395 875 414 900 e
433 862 701 910 discipulorum
717 861 908 899 sententiis
922 863 964 899 ad
978 861 1176 899 sententias
1190 860 1323 910 magis-

212 932 258 969 tri
288 931 546 970 concluditur:
586 932 686 978 quod
713 931 819 969 liceat
847 930 943 968 forte
967 932 1005 968 in
1031 932 1291 980 Pythagoraeis
1308 957 1321 977 ,

212 1000 362 1040 minime
397 1013 484 1039 vero
528 1001 566 1039 in
596 1001 813 1040 Socraticis:
854 1012 936 1038 nam
973 1003 1210 1039 Socrates
1241 1012 1319 1038 non

212 1071 375 1108 scholam
408 1070 731 1120 philosophicam,
775 1080 877 1108 certo
910 1071 1101 1119 systemati
1127 1071 1322 1109 adhaeren-

211 1148 310 1186 tem,
349 1140 642 1186 condidit‚-sed
678 1140 844 1177 homines
882 1140 1067 1186 instituit,
1109 1149 1143 1176 et
1166 1141 1205 1176 in
1226 1140 1318 1177 viam

210 1208 387 1256 deduxit,
415 1219 457 1247 ut
478 1209 549 1257 ipsi
576 1209 774 1256 deinceps,
803 1221 872 1247 suo
894 1209 1033 1256 quique
1070 1209 1207 1255 modo,
1235 1207 1320 1256 phi—

210 1278 401 1327 losophari
437 1288 606 1327 possent.
659 1280 710 1317 Et
751 1280 851 1325 quod
884 1279 1015 1316 attinet
1046 1278 1090 1316 ad
1117 1277 1177 1323 id,
1219 1277 1321 1324 quod

212 1348 286 1386 alio
325 1349 437 1386 modo
475 1349 638 1386 Deorum
663 1347 876 1385 inferiorum
904 1347 1079 1396 originem
1105 1347 1177 1385 sibi
1206 1347 1321 1396 expli-

210 1430 291 1458 care
311 1429 386 1456 non
404 1418 574 1467 potuisse
596 1417 780 1455 videatur:
811 1429 920 1465 supra
938 1418 1007 1466 jam
1030 1417 1209 1463 vidimus,
1240 1417 1319 1454 So-

211 1497 384 1526 cratem
408 1498 486 1525 non
508 1488 690 1536 cogitasse
714 1488 757 1523 de
781 1488 909 1524 horum
932 1487 1071 1535 origine
1091 1487 1316 1535 explicanda.

211 1557 314 1595 Loca
348 1565 497 1602 autem,
536 1568 629 1603 quae
665 1555 770 1594 affert
810 1558 1053 1602 Meiners,
1090 1566 1130 1592 ut
1156 1555 1318 1603 probet,

209 1627 444 1664 Socratem
483 1626 624 1664 animos
663 1627 843 1664 humanos
880 1638 899 1663 e
938 1635 1056 1663 mente
1081 1625 1217 1663 Divina
1256 1626 1319 1662 de·

208 1706 357 1744 cerptos
386 1707 467 1734 esse
489 1696 653 1742 dixisse,
689 1707 820 1744 nempe
850 1697 1011 1734 Memor.
1032 1697 1061 1734 1.
1087 1708 1120 1732 c.
1151 1708 1189 1742 4.
1221 1697 1257 1744 §.
1275 1699 1312 1737 8.,

208 1775 242 1803 et
271 1765 342 1803 IV.
371 1776 405 1803 c.
436 1777 472 1813 3.
502 1767 540 1813 §.
574 1778 661 1813 14.,
691 1766 727 1802 id
753 1766 897 1803 minime
922 1766 1080 1813 probant
1106 1765 1190 1816 (2).

260 1834 387 1878 Haec,
426 1846 531 1883 quam
573 1836 838 1883 exposuimus,
876 1836 1098 1874 Socratis
1133 1836 1314 1873 sententia

208 1904 373 1943 effecisse
396 1904 563 1950 videtur,
603 1914 642 1942 ut
670 1914 739 1943 tam
764 1906 868 1944 facile
889 1907 1043 1944 aliorum
1073 1906 1312 1953 auctoritate,

206 1974 373 2022 opinioni
397 1976 642 2013 communiter
671 1985 836 2023 receptae
865 1976 967 2013 iidem
995 1975 1158 2023 habens,
1186 1976 1310 2024 piures

1232 2056 1310 2082 esse

247 2126 294 2163 (1)
319 2125 341 2154 l.
366 2124 390 2154 l.
415 2136 444 2164 p.
468 2126 538 2156 368.
561 2136 633 2165 sqq.

245 2185 292 2223 (Ἄ)
318 2184 371 2215 Cf.
402 2184 653 2214 Moshcmins
687 2185 724 2214 ad
765 2185 1031 2218 Cudworihii
1075 2189 1162 2225 aSJj-st.
1195 2186 1314 2216 Intell.

201 2237 281 2274 ‘som
317 2237 343 2269 Ι.
366 2249 397 2280 p.
419 2238 487 2270 615.
514 2243 582 2269 not.
605 2239 633 2268 h.
