1487 2625
458 649 924 697 PRAEFATIO.

189 931 290 995 Ars
327 953 466 992 medica
503 963 583 991 non
610 961 751 992 tantum
780 954 825 991 ad
849 954 960 992 vitam
986 962 1070 990 cum
1098 949 1251 990 sanitate

137 1037 310 1076 tuendam
346 1046 381 1075 et
419 1037 572 1076 morbos
613 1037 795 1075 sanandos
833 1035 1005 1074 salutaria
1039 1035 1255 1084 suppeditat

137 1118 292 1157 consilia
327 1128 441 1167 atque
474 1119 632 1167 auxilia,
668 1131 795 1158 verum
823 1127 924 1157 tanta
950 1119 984 1156 ei
1010 1126 1066 1157 est
1091 1117 1251 1166 dignitas

137 1211 248 1250 atque
281 1202 436 1241 efficacia
471 1211 514 1241 ut
550 1211 586 1240 et
617 1203 697 1241 Ict⁵.
725 1202 822 1242 viam
849 1210 1032 1240 monstret
1060 1209 1095 1239 et
1121 1200 1253 1239 funda·

139 1293 259 1323 menta
274 1286 468 1332 exhibeat,
484 1286 621 1333 quibus
635 1314 648 1334 ‚
674 1286 778 1334 quod
796 1285 938 1335 Justitia
959 1284 1106 1332 poscit,
1129 1284 1253 1322 decer-

137 1377 224 1404 nere
248 1367 397 1416 possint
423 1376 458 1405 et
485 1368 637 1416 exsequi
655 1395 667 1415 ‚
704 1368 743 1405 in
768 1380 898 1407 caussa
924 1367 989 1407 ubi
1016 1368 1060 1405 de
1087 1366 1250 1405 hominis

137 1452 214 1489 vita
227 1459 264 1489 et
281 1460 419 1498 morte,
447 1451 626 1490 felicitate
652 1459 689 1490 et
713 1451 809 1490 fama
835 1452 970 1499 agitur.
1013 1450 1136 1488 Nemo
1154 1449 1251 1487 enim

137 1533 278 1579 nescit,
306 1533 402 1571 inter
427 1533 571 1581 varias,
597 1534 735 1582 quibus
763 1534 962 1571 humanum
989 1542 1107 1582 genus
1133 1532 1178 1570 ad
1195 1530 1253 1570 vi-

138 1625 196 1654 tae
234 1617 372 1655 exitum
410 1618 558 1655 ducitur
592 1617 671 1655 vias
709 1625 744 1654 et
778 1617 873 1654 illam
914 1625 1131 1660 occurrere,
1159 1623 1252 1661 quae

137 1710 204 1747 per
231 1710 392 1747 venena,
416 1709 480 1737 aut
506 1709 640 1748 sponte
665 1699 817 1746 hausta,
845 1707 908 1736 aut
936 1709 1058 1735 errore
1078 1704 1249 1745 sumpta,

139 1791 203 1821 aut
237 1783 392 1830 maligne
427 1783 648 1831 propinata,
685 1782 874 1820 sanitatem
903 1789 939 1817 et
966 1780 1081 1817 vitam
1107 1779 1145 1815 in
1170 1789 1254 1826 per-

138 1866 272 1905 niciem
298 1867 527 1916 praecipitat.
567 1867 671 1904 Talis
699 1866 732 1903 si
752 1866 886 1903 incidat
912 1875 1042 1910 casus,
1065 1863 1125 1901 vel
1143 1862 1181 1899 in
1203 1862 1254 1899 al-

141 1950 256 1988 terius
276 1951 386 1988 vitam
410 1960 446 1988 et
465 1950 653 1987 sanitatem
676 1949 848 1986 delictum
863 1946 974 1984 fuerit
989 1943 1225 1983 commissum
1238 1957 1263 1989 ‚¹

142 2033 375 2072 Medicorum
394 2021 600 2082 judicium,
628 2039 664 2069 et
691 2031 735 2067 de
762 2023 943 2067 venefici&
970 2026 1142 2065 instituto
1169 2035 1254 2062 sen-

144 2115 294 2153 tentiam
322 2116 516 2163 exquirere
543 2115 669 2152 solent
691 2111 913 2162 jurisperiti.
987 2109 1108 2147 Facile
1134 2117 1255 2144 tamen

145 2197 229 2245 quis
268 2197 492 2247 perspiciat,
540 2209 649 2244 quam
688 2196 808 2244 magni
842 2195 889 2232 sit
925 2193 1098 2230 momenti
1125 2192 1161 2228 in
1187 2190 1252 2227 illo

146 2280 296 2328 negotio
322 2291 399 2319 non
424 2280 552 2319 leviter
579 2278 743 2326 versari,
780 2279 845 2317 sed
880 2287 1009 2315 omnes
1038 2272 1174 2323 ingenii
1197 2272 1258 2321 ju·

1192 2351 1258 2390 rdi-
