<?xml version="1.0" encoding="UTF-8"?>
<!DOCTYPE html PUBLIC "-//W3C//DTD XHTML 1.0 Transitional//EN"
    "http://www.w3.org/TR/xhtml1/DTD/xhtml1-transitional.dtd">
<html xmlns="http://www.w3.org/1999/xhtml" xml:lang="en" lang="en">
 <head>
  <title>
</title>
<meta http-equiv="Content-Type" content="text/html;charset=utf-8" />
  <meta name='ocr-system' content='tesseract 3.04.00' />
  <meta name='ocr-capabilities' content='ocr_page ocr_carea ocr_par ocr_line ocrx_word'/>
</head>
<body>
  <div class='ocr_page' id='page_1' title='image "annalesacademiae35rhen_0377.png"; bbox 0 0 1487 2625; ppageno 0'>
   <div class='ocr_carea' id='block_1_1' title="bbox 330 214 1186 274">
    <p class='ocr_par' dir='ltr' id='par_1_1' title="bbox 330 214 1186 274">
     <span class='ocr_line' id='line_1_1' title="bbox 330 214 1186 274; baseline 0.005 -21"><span class='ocrx_word' id='word_1_1' title='bbox 330 214 924 256; x_wconf 86' lang='lat' dir='ltr'><strong>THEOLOGICA.</strong></span> <span class='ocrx_word' id='word_1_2' title='bbox 1131 231 1186 274; x_wconf 14' lang='lat'><strong>*27</strong></span> 
     </span>
    </p>
   </div>
   <div class='ocr_carea' id='block_1_2' title="bbox 68 324 1188 1842">
    <p class='ocr_par' dir='ltr' id='par_1_2' title="bbox 68 324 1188 1842">
     <span class='ocr_line' id='line_1_2' title="bbox 73 324 1184 378; baseline 0.002 -15"><span class='ocrx_word' id='word_1_3' title='bbox 73 325 159 364; x_wconf 85' lang='lat' dir='ltr'><strong>dere</strong></span> <span class='ocrx_word' id='word_1_4' title='bbox 209 324 447 363; x_wconf 87' lang='lat' dir='ltr'>Socrates</span> <span class='ocrx_word' id='word_1_5' title='bbox 497 325 657 364; x_wconf 87' lang='lat' dir='ltr'><strong>solebat.</strong></span> <span class='ocrx_word' id='word_1_6' title='bbox 735 326 998 378; x_wconf 74' lang='lat' dir='ltr'><em>Temperantia</em></span> <span class='ocrx_word' id='word_1_7' title='bbox 1034 325 1184 374; x_wconf 88' lang='lat' dir='ltr'><strong>quidem</strong></span> 
     </span>
     <span class='ocr_line' id='line_1_3' title="bbox 71 380 1185 444; baseline 0.001 -11"><span class='ocrx_word' id='word_1_8' title='bbox 71 380 348 433; x_wconf 85' lang='lat' dir='ltr'><strong>fundamentum</strong></span> <span class='ocrx_word' id='word_1_9' title='bbox 377 403 433 433; x_wconf 91' lang='lat' dir='ltr'><strong>est</strong></span> <span class='ocrx_word' id='word_1_10' title='bbox 460 394 581 433; x_wconf 89' lang='lat' dir='ltr'><strong>omnis</strong></span> <span class='ocrx_word' id='word_1_11' title='bbox 607 395 783 434; x_wconf 84' lang='lat' dir='ltr'><strong>virtutis:</strong></span> <span class='ocrx_word' id='word_1_12' title='bbox 854 407 937 434; x_wconf 89' lang='lat' dir='ltr'><strong>nam</strong></span> <span class='ocrx_word' id='word_1_13' title='bbox 975 404 1185 444; x_wconf 86' lang='lat' dir='ltr'><strong>temperans</strong></span> 
     </span>
     <span class='ocr_line' id='line_1_4' title="bbox 71 463 1186 515; baseline 0.002 -13"><span class='ocrx_word' id='word_1_14' title='bbox 71 464 216 502; x_wconf 87' lang='lat' dir='ltr'><strong>demum</strong></span> <span class='ocrx_word' id='word_1_15' title='bbox 249 463 414 514; x_wconf 87' lang='lat' dir='ltr'><strong>judicare</strong></span> <span class='ocrx_word' id='word_1_16' title='bbox 446 473 598 512; x_wconf 85' lang='lat' dir='ltr'><strong>potest,</strong></span> <span class='ocrx_word' id='word_1_17' title='bbox 627 465 718 513; x_wconf 90' lang='lat' dir='ltr'><strong>quid</strong></span> <span class='ocrx_word' id='word_1_18' title='bbox 745 466 794 502; x_wconf 90' lang='lat' dir='ltr'><strong>sit</strong></span> <span class='ocrx_word' id='word_1_19' title='bbox 818 477 903 504; x_wconf 73' lang='lat' dir='ltr'><strong>vere</strong></span> <span class='ocrx_word' id='word_1_20' title='bbox 930 467 1047 512; x_wconf 74' lang='lat' dir='ltr'><strong>utile,</strong></span> <span class='ocrx_word' id='word_1_21' title='bbox 1074 467 1186 515; x_wconf 90' lang='lat' dir='ltr'><strong>idque</strong></span> 
     </span>
     <span class='ocr_line' id='line_1_5' title="bbox 71 531 1184 584; baseline 0.004 -14"><span class='ocrx_word' id='word_1_22' title='bbox 71 531 208 580; x_wconf 84' lang='lat' dir='ltr'><strong>sequi;</strong></span> <span class='ocrx_word' id='word_1_23' title='bbox 271 543 357 572; x_wconf 89' lang='lat' dir='ltr'><strong>cum</strong></span> <span class='ocrx_word' id='word_1_24' title='bbox 392 533 636 581; x_wconf 84' lang='lat' dir='ltr'>intemperans</span> <span class='ocrx_word' id='word_1_25' title='bbox 669 542 705 571; x_wconf 92' lang='lat' dir='ltr'><strong>et</strong></span> <span class='ocrx_word' id='word_1_26' title='bbox 740 533 868 572; x_wconf 90' lang='lat' dir='ltr'><strong>videre</strong></span> <span class='ocrx_word' id='word_1_27' title='bbox 901 535 973 572; x_wconf 91' lang='lat' dir='ltr'><strong>hoc</strong></span> <span class='ocrx_word' id='word_1_28' title='bbox 1001 545 1184 584; x_wconf 83' lang='lat' dir='ltr'><strong>nequeat,</strong></span> 
     </span>
     <span class='ocr_line' id='line_1_6' title="bbox 71 602 1184 653; baseline 0.003 -13"><span class='ocrx_word' id='word_1_29' title='bbox 71 610 137 650; x_wconf 86' lang='lat' dir='ltr'><strong>et,</strong></span> <span class='ocrx_word' id='word_1_30' title='bbox 183 602 217 640; x_wconf 91' lang='lat' dir='ltr'><strong>si</strong></span> <span class='ocrx_word' id='word_1_31' title='bbox 253 604 315 641; x_wconf 90' lang='lat' dir='ltr'><strong>vel</strong></span> <span class='ocrx_word' id='word_1_32' title='bbox 361 602 507 650; x_wconf 87' lang='lat' dir='ltr'><strong>videat,</strong></span> <span class='ocrx_word' id='word_1_33' title='bbox 554 603 820 652; x_wconf 85' lang='lat' dir='ltr'><strong>cupiditatibus</strong></span> <span class='ocrx_word' id='word_1_34' title='bbox 864 603 1092 653; x_wconf 85' lang='lat' dir='ltr'><strong>abripiatur,</strong></span> <span class='ocrx_word' id='word_1_35' title='bbox 1141 613 1184 643; x_wconf 92' lang='lat' dir='ltr'><strong>ut</strong></span> 
     </span>
     <span class='ocr_line' id='line_1_7' title="bbox 70 671 1185 724; baseline 0.004 -14"><span class='ocrx_word' id='word_1_36' title='bbox 70 683 139 720; x_wconf 82' lang='lat' dir='ltr'><strong>ca,</strong></span> <span class='ocrx_word' id='word_1_37' title='bbox 166 684 262 722; x_wconf 76' lang='lat' dir='ltr'><strong>quac</strong></span> <span class='ocrx_word' id='word_1_38' title='bbox 285 674 413 710; x_wconf 85' lang='lat' dir='ltr'><strong>statim</strong></span> <span class='ocrx_word' id='word_1_39' title='bbox 439 673 662 724; x_wconf 75' lang='lat' dir='ltr'><strong>voluptatem</strong></span> <span class='ocrx_word' id='word_1_40' title='bbox 675 671 876 722; x_wconf 79' lang='lat' dir='ltr'><strong>afferunt(</strong></span> <span class='ocrx_word' id='word_1_41' title='bbox 883 674 949 723; x_wconf 84' lang='lat'><strong>1),</strong></span> <span class='ocrx_word' id='word_1_42' title='bbox 977 674 1085 724; x_wconf 88' lang='lat' dir='ltr'><strong>eligat</strong></span> <span class='ocrx_word' id='word_1_43' title='bbox 1097 687 1185 724; x_wconf 90' lang='lat' dir='ltr'><strong>prae</strong></span> 
     </span>
     <span class='ocr_line' id='line_1_8' title="bbox 69 741 1183 795; baseline 0.004 -16"><span class='ocrx_word' id='word_1_44' title='bbox 69 741 146 790; x_wconf 86' lang='lat' dir='ltr'><strong>iis,</strong></span> <span class='ocrx_word' id='word_1_45' title='bbox 202 753 298 790; x_wconf 91' lang='lat' dir='ltr'><strong>quae</strong></span> <span class='ocrx_word' id='word_1_46' title='bbox 329 753 417 781; x_wconf 90' lang='lat' dir='ltr'><strong>vere</strong></span> <span class='ocrx_word' id='word_1_47' title='bbox 454 752 489 780; x_wconf 87' lang='lat' dir='ltr'><strong>et</strong></span> <span class='ocrx_word' id='word_1_48' title='bbox 526 753 626 781; x_wconf 88' lang='lat' dir='ltr'><strong>nunc</strong></span> <span class='ocrx_word' id='word_1_49' title='bbox 665 743 769 780; x_wconf 87' lang='lat' dir='ltr'><strong>utilia</strong></span> <span class='ocrx_word' id='word_1_50' title='bbox 809 751 918 790; x_wconf 85' lang='lat' dir='ltr'><strong>sunt,</strong></span> <span class='ocrx_word' id='word_1_51' title='bbox 971 753 1008 781; x_wconf 91' lang='lat' dir='ltr'><strong>et</strong></span> <span class='ocrx_word' id='word_1_52' title='bbox 1034 747 1183 795; x_wconf 87' lang='lat' dir='ltr'><strong>majoris</strong></span> 
     </span>
     <span class='ocr_line' id='line_1_9' title="bbox 68 811 1184 864; baseline 0.003 -14"><span class='ocrx_word' id='word_1_53' title='bbox 68 811 293 860; x_wconf 87' lang='lat' dir='ltr'><strong>etiamnum,</strong></span> <span class='ocrx_word' id='word_1_54' title='bbox 320 812 359 850; x_wconf 89' lang='lat' dir='ltr'><strong>in</strong></span> <span class='ocrx_word' id='word_1_55' title='bbox 383 811 551 850; x_wconf 86' lang='lat' dir='ltr'><strong>futurum</strong></span> <span class='ocrx_word' id='word_1_56' title='bbox 576 812 858 862; x_wconf 83' lang='lat' dir='ltr'><strong>percipiendae,</strong></span> <span class='ocrx_word' id='word_1_57' title='bbox 886 813 1056 852; x_wconf 85' lang='lat' dir='ltr'><strong>utilitatis</strong></span> <span class='ocrx_word' id='word_1_58' title='bbox 1079 827 1184 864; x_wconf 89' lang='lat' dir='ltr'><strong>spem</strong></span> 
     </span>
     <span class='ocr_line' id='line_1_10' title="bbox 69 881 1183 931; baseline 0.003 -13"><span class='ocrx_word' id='word_1_59' title='bbox 69 881 261 930; x_wconf 88' lang='lat' dir='ltr'><strong>praebent.</strong></span> <span class='ocrx_word' id='word_1_60' title='bbox 329 882 425 930; x_wconf 89' lang='lat' dir='ltr'><strong>Ipsis</strong></span> <span class='ocrx_word' id='word_1_61' title='bbox 449 881 668 920; x_wconf 85' lang='lat' dir='ltr'><strong>autemillis</strong></span> <span class='ocrx_word' id='word_1_62' title='bbox 707 881 990 930; x_wconf 81' lang='lat' dir='ltr'><strong>voluptatibus,</strong></span> <span class='ocrx_word' id='word_1_63' title='bbox 1027 894 1183 931; x_wconf 88' lang='lat' dir='ltr'><strong>quarum</strong></span> 
     </span>
     <span class='ocr_line' id='line_1_11' title="bbox 70 950 1184 999; baseline 0.003 -11"><span class='ocrx_word' id='word_1_64' title='bbox 70 950 246 999; x_wconf 90' lang='lat' dir='ltr'><strong>cupidine</strong></span> <span class='ocrx_word' id='word_1_65' title='bbox 281 951 529 999; x_wconf 86' lang='lat' dir='ltr'><strong>intemperans</strong></span> <span class='ocrx_word' id='word_1_66' title='bbox 558 962 599 989; x_wconf 91' lang='lat' dir='ltr'><strong>se</strong></span> <span class='ocrx_word' id='word_1_67' title='bbox 629 950 749 999; x_wconf 86' lang='lat' dir='ltr'><strong>abripi</strong></span> <span class='ocrx_word' id='word_1_68' title='bbox 776 951 889 999; x_wconf 83' lang='lat' dir='ltr'><strong>sinit,</strong></span> <span class='ocrx_word' id='word_1_69' title='bbox 915 963 1003 991; x_wconf 91' lang='lat' dir='ltr'><strong>vere</strong></span> <span class='ocrx_word' id='word_1_70' title='bbox 1036 953 1184 992; x_wconf 87' lang='lat' dir='ltr'><strong>demum</strong></span> 
     </span>
     <span class='ocr_line' id='line_1_12' title="bbox 68 1018 1187 1072; baseline 0.004 -15"><span class='ocrx_word' id='word_1_71' title='bbox 68 1018 208 1058; x_wconf 87' lang='lat' dir='ltr'><strong>fruitur</strong></span> <span class='ocrx_word' id='word_1_72' title='bbox 240 1029 472 1069; x_wconf 87' lang='lat' dir='ltr'><strong>temperans:</strong></span> <span class='ocrx_word' id='word_1_73' title='bbox 502 1031 584 1059; x_wconf 90' lang='lat' dir='ltr'><strong>nam</strong></span> <span class='ocrx_word' id='word_1_74' title='bbox 610 1022 785 1069; x_wconf 85' lang='lat' dir='ltr'><strong>voluptas</strong></span> <span class='ocrx_word' id='word_1_75' title='bbox 810 1022 955 1060; x_wconf 88' lang='lat' dir='ltr'><strong>demum</strong></span> <span class='ocrx_word' id='word_1_76' title='bbox 980 1023 1187 1072; x_wconf 85' lang='lat' dir='ltr'><strong>percipitur</strong></span> 
     </span>
     <span class='ocr_line' id='line_1_13' title="bbox 70 1090 1188 1140; baseline 0.002 -11"><span class='ocrx_word' id='word_1_77' title='bbox 70 1101 116 1129; x_wconf 86' lang='lat' dir='ltr'><strong>ex</strong></span> <span class='ocrx_word' id='word_1_78' title='bbox 144 1091 266 1140; x_wconf 87' lang='lat' dir='ltr'><strong>aliqua</strong></span> <span class='ocrx_word' id='word_1_79' title='bbox 298 1102 364 1137; x_wconf 88' lang='lat' dir='ltr'><strong>re,</strong></span> <span class='ocrx_word' id='word_1_80' title='bbox 392 1091 426 1129; x_wconf 87' lang='lat' dir='ltr'><strong>si</strong></span> <span class='ocrx_word' id='word_1_81' title='bbox 460 1103 500 1128; x_wconf 89' lang='lat' dir='ltr'><strong>ea</strong></span> <span class='ocrx_word' id='word_1_82' title='bbox 533 1100 610 1128; x_wconf 90' lang='lat' dir='ltr'><strong>tum</strong></span> <span class='ocrx_word' id='word_1_83' title='bbox 645 1090 826 1139; x_wconf 84' lang='lat' dir='ltr'><strong>fruimur,</strong></span> <span class='ocrx_word' id='word_1_84' title='bbox 856 1103 940 1130; x_wconf 87' lang='lat' dir='ltr'><strong>cum</strong></span> <span class='ocrx_word' id='word_1_85' title='bbox 974 1104 1014 1131; x_wconf 89' lang='lat' dir='ltr'><strong>ea</strong></span> <span class='ocrx_word' id='word_1_86' title='bbox 1047 1093 1188 1140; x_wconf 84' lang='lat' dir='ltr'><strong>indige-</strong></span> 
     </span>
     <span class='ocr_line' id='line_1_14' title="bbox 70 1160 1184 1209; baseline 0 -9"><span class='ocrx_word' id='word_1_87' title='bbox 70 1173 181 1209; x_wconf 90' lang='lat' dir='ltr'><strong>mus,</strong></span> <span class='ocrx_word' id='word_1_88' title='bbox 221 1173 241 1199; x_wconf 91' lang='lat' dir='ltr'><strong>e</strong></span> <span class='ocrx_word' id='word_1_89' title='bbox 277 1161 386 1208; x_wconf 88' lang='lat' dir='ltr'><strong>cibo,</strong></span> <span class='ocrx_word' id='word_1_90' title='bbox 421 1160 526 1199; x_wconf 86' lang='lat' dir='ltr'><strong>verbi</strong></span> <span class='ocrx_word' id='word_1_91' title='bbox 549 1172 685 1208; x_wconf 85' lang='lat' dir='ltr'><strong>causa,</strong></span> <span class='ocrx_word' id='word_1_92' title='bbox 725 1160 790 1199; x_wconf 91' lang='lat' dir='ltr'><strong>ubi</strong></span> <span class='ocrx_word' id='word_1_93' title='bbox 822 1162 1022 1200; x_wconf 84' lang='lat' dir='ltr'><strong>esurimus.</strong></span> <span class='ocrx_word' id='word_1_94' title='bbox 1100 1162 1184 1201; x_wconf 89' lang='lat' dir='ltr'><strong>Nec</strong></span> 
     </span>
     <span class='ocr_line' id='line_1_15' title="bbox 71 1231 1184 1281; baseline 0.002 -12"><span class='ocrx_word' id='word_1_95' title='bbox 71 1231 218 1270; x_wconf 82' lang='lat' dir='ltr'><strong>difficile</strong></span> <span class='ocrx_word' id='word_1_96' title='bbox 240 1240 321 1278; x_wconf 80' lang='lat' dir='ltr'><strong>est,</strong></span> <span class='ocrx_word' id='word_1_97' title='bbox 349 1232 429 1269; x_wconf 89' lang='lat' dir='ltr'><strong>illas</strong></span> <span class='ocrx_word' id='word_1_98' title='bbox 456 1231 679 1278; x_wconf 88' lang='lat' dir='ltr'><strong>cupiditates</strong></span> <span class='ocrx_word' id='word_1_99' title='bbox 709 1232 910 1279; x_wconf 85' lang='lat' dir='ltr'><strong>reprimere</strong></span> <span class='ocrx_word' id='word_1_100' title='bbox 942 1233 980 1270; x_wconf 90' lang='lat' dir='ltr'><strong>in</strong></span> <span class='ocrx_word' id='word_1_101' title='bbox 1013 1242 1184 1281; x_wconf 84' lang='lat' dir='ltr'><strong>tempus:</strong></span> 
     </span>
     <span class='ocr_line' id='line_1_16' title="bbox 72 1300 1186 1350; baseline 0.003 -11"><span class='ocrx_word' id='word_1_102' title='bbox 72 1311 156 1339; x_wconf 89' lang='lat' dir='ltr'><strong>nam</strong></span> <span class='ocrx_word' id='word_1_103' title='bbox 191 1310 398 1350; x_wconf 81' lang='lat' dir='ltr'><strong>temperans</strong></span> <span class='ocrx_word' id='word_1_104' title='bbox 432 1300 605 1338; x_wconf 89' lang='lat' dir='ltr'><strong>incitatur</strong></span> <span class='ocrx_word' id='word_1_105' title='bbox 643 1313 711 1348; x_wconf 90' lang='lat' dir='ltr'><strong>spe</strong></span> <span class='ocrx_word' id='word_1_106' title='bbox 746 1302 926 1349; x_wconf 84' lang='lat' dir='ltr'><strong>praemii,</strong></span> <span class='ocrx_word' id='word_1_107' title='bbox 968 1304 1071 1350; x_wconf 91' lang='lat' dir='ltr'><strong>quod</strong></span> <span class='ocrx_word' id='word_1_108' title='bbox 1101 1303 1186 1342; x_wconf 88' lang='lat' dir='ltr'><strong>inde</strong></span> 
     </span>
     <span class='ocr_line' id='line_1_17' title="bbox 69 1370 1186 1419; baseline 0.004 -11"><span class='ocrx_word' id='word_1_109' title='bbox 69 1378 314 1419; x_wconf 89' lang='lat' dir='ltr'><strong>percepturus</strong></span> <span class='ocrx_word' id='word_1_110' title='bbox 329 1370 401 1418; x_wconf 81' lang='lat' dir='ltr'><strong>sit,</strong></span> <span class='ocrx_word' id='word_1_111' title='bbox 429 1371 737 1417; x_wconf 84' lang='lat' dir='ltr'><strong>quemadmodum</strong></span> <span class='ocrx_word' id='word_1_112' title='bbox 758 1380 952 1410; x_wconf 86' lang='lat' dir='ltr'><strong>venatores</strong></span> <span class='ocrx_word' id='word_1_113' title='bbox 975 1375 1112 1412; x_wconf 86' lang='lat' dir='ltr'><strong>multos</strong></span> <span class='ocrx_word' id='word_1_114' title='bbox 1133 1376 1186 1413; x_wconf 83' lang='lat' dir='ltr'><strong>la-</strong></span> 
     </span>
     <span class='ocr_line' id='line_1_18' title="bbox 71 1434 1185 1492; baseline 0.003 -13"><span class='ocrx_word' id='word_1_115' title='bbox 71 1442 182 1480; x_wconf 89' lang='lat' dir='ltr'><strong>bores</strong></span> <span class='ocrx_word' id='word_1_116' title='bbox 195 1442 349 1490; x_wconf 85' lang='lat' dir='ltr'><strong>praedae</strong></span> <span class='ocrx_word' id='word_1_117' title='bbox 364 1434 430 1488; x_wconf 87' lang='lat' dir='ltr'><strong>spe</strong></span> <span class='ocrx_word' id='word_1_118' title='bbox 455 1440 596 1478; x_wconf 89' lang='lat' dir='ltr'><strong>incitati</strong></span> <span class='ocrx_word' id='word_1_119' title='bbox 620 1439 826 1488; x_wconf 86' lang='lat' dir='ltr'><strong>perferunt.</strong></span> <span class='ocrx_word' id='word_1_120' title='bbox 855 1441 1005 1479; x_wconf 88' lang='lat' dir='ltr'><strong>Etenim</strong></span> <span class='ocrx_word' id='word_1_121' title='bbox 1021 1443 1185 1492; x_wconf 88' lang='lat' dir='ltr'><strong>Tempe-</strong></span> 
     </span>
     <span class='ocr_line' id='line_1_19' title="bbox 70 1511 1183 1560; baseline 0 -10"><span class='ocrx_word' id='word_1_122' title='bbox 70 1523 155 1550; x_wconf 85' lang='lat' dir='ltr'><strong>rans</strong></span> <span class='ocrx_word' id='word_1_123' title='bbox 182 1513 286 1550; x_wconf 88' lang='lat' dir='ltr'><strong>solus</strong></span> <span class='ocrx_word' id='word_1_124' title='bbox 316 1520 442 1559; x_wconf 91' lang='lat' dir='ltr'><strong>potest</strong></span> <span class='ocrx_word' id='word_1_125' title='bbox 474 1511 614 1558; x_wconf 88' lang='lat' dir='ltr'><strong>aliquid</strong></span> <span class='ocrx_word' id='word_1_126' title='bbox 649 1511 789 1549; x_wconf 89' lang='lat' dir='ltr'><strong>discere</strong></span> <span class='ocrx_word' id='word_1_127' title='bbox 818 1511 1004 1552; x_wconf 79' lang='lat' dir='ltr'><strong>etfacere</strong></span> <span class='ocrx_word' id='word_1_128' title='bbox 1033 1524 1183 1560; x_wconf 87' lang='lat' dir='ltr'><strong>eorum,</strong></span> 
     </span>
     <span class='ocr_line' id='line_1_20' title="bbox 71 1581 1184 1632; baseline 0.001 -13"><span class='ocrx_word' id='word_1_129' title='bbox 71 1594 166 1630; x_wconf 89' lang='lat' dir='ltr'><strong>quae</strong></span> <span class='ocrx_word' id='word_1_130' title='bbox 187 1591 276 1620; x_wconf 87' lang='lat' dir='ltr'><strong>sunt</strong></span> <span class='ocrx_word' id='word_1_131' title='bbox 300 1584 564 1632; x_wconf 66' lang='grc' dir='ltr'><em>καλοκᾳγοιθοὶς</em></span> <span class='ocrx_word' id='word_1_132' title='bbox 592 1581 697 1618; x_wconf 84' lang='lat' dir='ltr'><strong>solus</strong></span> <span class='ocrx_word' id='word_1_133' title='bbox 717 1590 844 1629; x_wconf 87' lang='lat' dir='ltr'><strong>potest</strong></span> <span class='ocrx_word' id='word_1_134' title='bbox 858 1582 1046 1620; x_wconf 88' lang='lat' dir='ltr'><strong>addiscere</strong></span> <span class='ocrx_word' id='word_1_135' title='bbox 1061 1592 1184 1620; x_wconf 78' lang='lat' dir='ltr'><strong>artem</strong></span> 
     </span>
     <span class='ocr_line' id='line_1_21' title="bbox 72 1652 1184 1702; baseline -0.002 -11"><span class='ocrx_word' id='word_1_136' title='bbox 72 1655 215 1702; x_wconf 81' lang='lat' dir='ltr'><strong>regiam</strong></span> <span class='ocrx_word' id='word_1_137' title='bbox 232 1680 245 1699; x_wconf 87' lang='lat'>‚</span> <span class='ocrx_word' id='word_1_138' title='bbox 273 1664 365 1700; x_wconf 89' lang='lat' dir='ltr'><strong>quae</strong></span> <span class='ocrx_word' id='word_1_139' title='bbox 388 1661 443 1689; x_wconf 87' lang='lat' dir='ltr'><strong>est</strong></span> <span class='ocrx_word' id='word_1_140' title='bbox 471 1663 624 1697; x_wconf 80' lang='lat' dir='ltr'><strong>eorum,</strong></span> <span class='ocrx_word' id='word_1_141' title='bbox 653 1652 717 1699; x_wconf 86' lang='lat' dir='ltr'><strong>qui</strong></span> <span class='ocrx_word' id='word_1_142' title='bbox 738 1652 880 1689; x_wconf 87' lang='lat' dir='ltr'><strong>civitati</strong></span> <span class='ocrx_word' id='word_1_143' title='bbox 899 1661 1098 1699; x_wconf 88' lang='lat' dir='ltr'><strong>praesunt:</strong></span> <span class='ocrx_word' id='word_1_144' title='bbox 1129 1653 1184 1690; x_wconf 89' lang='lat' dir='ltr'><strong>vi·</strong></span> 
     </span>
     <span class='ocr_line' id='line_1_22' title="bbox 71 1721 1182 1771; baseline -0.002 -10"><span class='ocrx_word' id='word_1_145' title='bbox 71 1731 166 1762; x_wconf 84' lang='lat' dir='ltr'><strong>vunt</strong></span> <span class='ocrx_word' id='word_1_146' title='bbox 206 1730 327 1760; x_wconf 85' lang='lat' dir='ltr'><strong>autem</strong></span> <span class='ocrx_word' id='word_1_147' title='bbox 357 1722 557 1771; x_wconf 81' lang='lat' dir='ltr'><strong>J&#39;ucundius</strong></span> <span class='ocrx_word' id='word_1_148' title='bbox 595 1722 647 1768; x_wconf 86' lang='lat' dir='ltr'><strong>ii,</strong></span> <span class='ocrx_word' id='word_1_149' title='bbox 686 1721 751 1768; x_wconf 85' lang='lat' dir='ltr'><strong>qui</strong></span> <span class='ocrx_word' id='word_1_150' title='bbox 786 1731 946 1770; x_wconf 74' lang='lat' dir='ltr'><strong>regunt,</strong></span> <span class='ocrx_word' id='word_1_151' title='bbox 987 1733 1097 1770; x_wconf 90' lang='lat' dir='ltr'><strong>quam</strong></span> <span class='ocrx_word' id='word_1_152' title='bbox 1129 1722 1182 1769; x_wconf 83' lang='lat' dir='ltr'><strong>ii,</strong></span> 
     </span>
     <span class='ocr_line' id='line_1_23' title="bbox 73 1792 1185 1842; baseline 0.001 -12"><span class='ocrx_word' id='word_1_153' title='bbox 73 1794 139 1842; x_wconf 91' lang='lat' dir='ltr'><strong>qui</strong></span> <span class='ocrx_word' id='word_1_154' title='bbox 186 1801 391 1841; x_wconf 75' lang='lat' dir='ltr'><strong>reguntur3</strong></span> <span class='ocrx_word' id='word_1_155' title='bbox 447 1794 550 1830; x_wconf 88' lang='lat' dir='ltr'><strong>solus</strong></span> <span class='ocrx_word' id='word_1_156' title='bbox 588 1792 650 1829; x_wconf 87' lang='lat' dir='ltr'><strong>ille</strong></span> <span class='ocrx_word' id='word_1_157' title='bbox 685 1804 823 1840; x_wconf 88' lang='lat' dir='ltr'><strong>corpus</strong></span> <span class='ocrx_word' id='word_1_158' title='bbox 861 1792 1058 1831; x_wconf 87' lang='lat' dir='ltr'><strong>robustum</strong></span> <span class='ocrx_word' id='word_1_159' title='bbox 1108 1793 1185 1831; x_wconf 89' lang='lat' dir='ltr'><strong>ani-</strong></span> 
     </span>
    </p>
   </div>
   <div class='ocr_carea' id='block_1_3' title="bbox 9 1862 1181 1911">
    <p class='ocr_par' dir='ltr' id='par_1_3' title="bbox 9 1862 1181 1911">
     <span class='ocr_line' id='line_1_24' title="bbox 9 1862 1181 1911; baseline -0.002 -9"><span class='ocrx_word' id='word_1_160' title='bbox 9 1901 11 1906; x_wconf 22' lang='grc' dir='ltr'><em>Α</em></span> <span class='ocrx_word' id='word_1_161' title='bbox 72 1875 249 1911; x_wconf 88' lang='lat' dir='ltr'><strong>mumque</strong></span> <span class='ocrx_word' id='word_1_162' title='bbox 288 1862 421 1901; x_wconf 82' lang='lat' dir='ltr'><strong>fortem</strong></span> <span class='ocrx_word' id='word_1_163' title='bbox 466 1872 689 1908; x_wconf 84' lang='lat' dir='ltr'><strong>conservat,</strong></span> <span class='ocrx_word' id='word_1_164' title='bbox 743 1872 778 1899; x_wconf 93' lang='lat' dir='ltr'><strong>et</strong></span> <span class='ocrx_word' id='word_1_165' title='bbox 809 1863 860 1900; x_wconf 85' lang='lat' dir='ltr'><strong>ita</strong></span> <span class='ocrx_word' id='word_1_166' title='bbox 890 1864 1040 1901; x_wconf 87' lang='lat' dir='ltr'><strong>domum</strong></span> <span class='ocrx_word' id='word_1_167' title='bbox 1079 1874 1181 1901; x_wconf 89' lang='lat' dir='ltr'><strong>suam</strong></span> 
     </span>
    </p>
   </div>
   <div class='ocr_carea' id='block_1_4' title="bbox 0 1550 27 2625">
    <p class='ocr_par' dir='ltr' id='par_1_4' title="bbox 0 1550 27 2625">
     <span class='ocr_line' id='line_1_25' title="bbox 0 1550 27 2625; baseline 0 0"><span class='ocrx_word' id='word_1_168' title='bbox 0 1550 27 2625; x_wconf 95' lang='lat' dir='ltr'><strong> </strong></span> 
     </span>
    </p>
   </div>
   <div class='ocr_carea' id='block_1_5' title="bbox 69 1933 1186 2272">
    <p class='ocr_par' dir='ltr' id='par_1_5' title="bbox 69 1933 1186 2179">
     <span class='ocr_line' id='line_1_26' title="bbox 71 1933 1183 1981; baseline -0.001 -10"><span class='ocrx_word' id='word_1_169' title='bbox 71 1933 167 1972; x_wconf 90' lang='lat' dir='ltr'><strong>bene</strong></span> <span class='ocrx_word' id='word_1_170' title='bbox 199 1944 350 1981; x_wconf 85' lang='lat' dir='ltr'><strong>regere,</strong></span> <span class='ocrx_word' id='word_1_171' title='bbox 377 1933 518 1970; x_wconf 91' lang='lat' dir='ltr'><strong>civitati</strong></span> <span class='ocrx_word' id='word_1_172' title='bbox 549 1933 727 1981; x_wconf 88' lang='lat' dir='ltr'><strong>prodesse</strong></span> <span class='ocrx_word' id='word_1_173' title='bbox 756 1941 908 1980; x_wconf 84' lang='lat' dir='ltr'><strong>potest,</strong></span> <span class='ocrx_word' id='word_1_174' title='bbox 938 1934 1059 1980; x_wconf 88' lang='lat' dir='ltr'><strong>bonos</strong></span> <span class='ocrx_word' id='word_1_175' title='bbox 1093 1943 1183 1970; x_wconf 88' lang='lat' dir='ltr'><strong>nan-</strong></span> 
     </span>
     <span class='ocr_line' id='line_1_27' title="bbox 69 2002 1182 2051; baseline -0.003 -8"><span class='ocrx_word' id='word_1_176' title='bbox 69 2004 223 2043; x_wconf 87' lang='lat' dir='ltr'><strong>ciscitur</strong></span> <span class='ocrx_word' id='word_1_177' title='bbox 247 2004 408 2051; x_wconf 90' lang='lat' dir='ltr'><strong>amicos,</strong></span> <span class='ocrx_word' id='word_1_178' title='bbox 448 2003 493 2040; x_wconf 89' lang='lat' dir='ltr'><strong>ab</strong></span> <span class='ocrx_word' id='word_1_179' title='bbox 530 2002 702 2040; x_wconf 85' lang='lat' dir='ltr'><strong>omnibus</strong></span> <span class='ocrx_word' id='word_1_180' title='bbox 732 2002 884 2040; x_wconf 89' lang='lat' dir='ltr'><strong>colitur.</strong></span> <span class='ocrx_word' id='word_1_181' title='bbox 937 2003 1034 2040; x_wconf 89' lang='lat' dir='ltr'><strong>Nam</strong></span> <span class='ocrx_word' id='word_1_182' title='bbox 1061 2002 1182 2051; x_wconf 88' lang='lat' dir='ltr'><strong>turpis</strong></span> 
     </span>
     <span class='ocr_line' id='line_1_28' title="bbox 70 2071 1186 2123; baseline -0.004 -10"><span class='ocrx_word' id='word_1_183' title='bbox 70 2083 127 2113; x_wconf 90' lang='lat' dir='ltr'><strong>est</strong></span> <span class='ocrx_word' id='word_1_184' title='bbox 155 2074 458 2123; x_wconf 77' lang='lat' dir='ltr'><strong>intemperantia,</strong></span> <span class='ocrx_word' id='word_1_185' title='bbox 486 2084 577 2120; x_wconf 87' lang='lat' dir='ltr'><strong>quae</strong></span> <span class='ocrx_word' id='word_1_186' title='bbox 613 2071 728 2119; x_wconf 86' lang='lat' dir='ltr'><strong>facit,</strong></span> <span class='ocrx_word' id='word_1_187' title='bbox 756 2081 798 2110; x_wconf 89' lang='lat' dir='ltr'><strong>ut</strong></span> <span class='ocrx_word' id='word_1_188' title='bbox 833 2071 943 2120; x_wconf 84' lang='lat' dir='ltr'><strong>quis,</strong></span> <span class='ocrx_word' id='word_1_189' title='bbox 971 2071 1073 2109; x_wconf 93' lang='lat' dir='ltr'><strong>bruti</strong></span> <span class='ocrx_word' id='word_1_190' title='bbox 1108 2071 1186 2110; x_wconf 88' lang='lat' dir='ltr'><strong>ani·</strong></span> 
     </span>
     <span class='ocr_line' id='line_1_29' title="bbox 1108 2152 1184 2179; baseline 0 0"><span class='ocrx_word' id='word_1_191' title='bbox 1108 2152 1184 2179; x_wconf 90' lang='lat' dir='ltr'><strong>ma-</strong></span> 
     </span>
    </p>

    <p class='ocr_par' dir='ltr' id='par_1_6' title="bbox 113 2224 1182 2272">
     <span class='ocr_line' id='line_1_30' title="bbox 113 2224 1182 2272; baseline -0.003 -10"><span class='ocrx_word' id='word_1_192' title='bbox 113 2232 161 2272; x_wconf 86' lang='lat'><strong>(1)</strong></span> <span class='ocrx_word' id='word_1_193' title='bbox 209 2232 296 2263; x_wconf 85' lang='lat' dir='ltr'><strong>Haec</strong></span> <span class='ocrx_word' id='word_1_194' title='bbox 331 2231 412 2261; x_wconf 84' lang='lat' dir='ltr'><strong>dicit</strong></span> <span class='ocrx_word' id='word_1_195' title='bbox 453 2232 500 2263; x_wconf 69' lang='grc' dir='ltr'><strong>τὰ</strong></span> <span class='ocrx_word' id='word_1_196' title='bbox 524 2227 624 2267; x_wconf 69' lang='grc' dir='ltr'>ἡδέσι,</span> <span class='ocrx_word' id='word_1_197' title='bbox 652 2229 717 2266; x_wconf 67' lang='grc' dir='ltr'><strong>τὰς</strong></span> <span class='ocrx_word' id='word_1_198' title='bbox 742 2224 1090 2272; x_wconf 31' lang='grc' dir='ltr'><strong>ἐγγυτάτωΙῆΣονῑις,</strong></span> <span class='ocrx_word' id='word_1_199' title='bbox 1115 2227 1182 2265; x_wconf 65' lang='grc' dir='ltr'><strong>’τὰς</strong></span> 
     </span>
    </p>
   </div>
   <div class='ocr_carea' id='block_1_6' title="bbox 18 2283 1182 2383">
    <p class='ocr_par' dir='ltr' id='par_1_7' title="bbox 18 2283 1182 2383">
     <span class='ocr_line' id='line_1_31' title="bbox 70 2283 1182 2332; baseline -0.01 -10"><span class='ocrx_word' id='word_1_200' title='bbox 70 2287 109 2322; x_wconf 74' lang='grc' dir='ltr'><strong>ἔκ</strong></span> <span class='ocrx_word' id='word_1_201' title='bbox 125 2289 187 2323; x_wconf 73' lang='grc' dir='ltr'><strong>τοῦ</strong></span> <span class='ocrx_word' id='word_1_202' title='bbox 202 2291 412 2332; x_wconf 64' lang='grc' dir='ltr'><em>παραχρῆμα</em></span> <span class='ocrx_word' id='word_1_203' title='bbox 434 2287 571 2326; x_wconf 46' lang='lat' dir='ltr'><strong>ssaviae,</strong></span> <span class='ocrx_word' id='word_1_204' title='bbox 596 2297 674 2327; x_wconf 82' lang='lat' dir='ltr'><strong>quas</strong></span> <span class='ocrx_word' id='word_1_205' title='bbox 713 2285 874 2324; x_wconf 85' lang='lat' dir='ltr'><strong>opponit,</strong></span> <span class='ocrx_word' id='word_1_206' title='bbox 909 2293 974 2312; x_wconf 86' lang='lat' dir='ltr'><strong>non</strong></span> <span class='ocrx_word' id='word_1_207' title='bbox 1000 2283 1095 2313; x_wconf 86' lang='lat' dir='ltr'><strong>rebus</strong></span> <span class='ocrx_word' id='word_1_208' title='bbox 1117 2283 1182 2313; x_wconf 82' lang='lat' dir='ltr'><strong>lw-</strong></span> 
     </span>
     <span class='ocr_line' id='line_1_32' title="bbox 18 2334 1179 2383; baseline -0.006 -9"><span class='ocrx_word' id='word_1_209' title='bbox 18 2355 19 2359; x_wconf 64' lang='grc'>’</span> <span class='ocrx_word' id='word_1_210' title='bbox 67 2345 185 2383; x_wconf 73' lang='lat' dir='ltr'><strong>uestis,</strong></span> <span class='ocrx_word' id='word_1_211' title='bbox 199 2344 252 2374; x_wconf 85' lang='lat' dir='ltr'><strong>sed</strong></span> <span class='ocrx_word' id='word_1_212' title='bbox 265 2345 360 2375; x_wconf 83' lang='lat' dir='ltr'><strong>rebus</strong></span> <span class='ocrx_word' id='word_1_213' title='bbox 374 2356 445 2374; x_wconf 77' lang='lat' dir='ltr'><strong>vere</strong></span> <span class='ocrx_word' id='word_1_214' title='bbox 458 2342 612 2380; x_wconf 64' lang='lat' dir='ltr'><strong>utilibus,</strong></span> <span class='ocrx_word' id='word_1_215' title='bbox 628 2340 688 2372; x_wconf 82' lang='lat' dir='ltr'><strong>IV.</strong></span> <span class='ocrx_word' id='word_1_216' title='bbox 701 2351 728 2373; x_wconf 84' lang='lat' dir='ltr'><strong>c,</strong></span> <span class='ocrx_word' id='word_1_217' title='bbox 741 2339 772 2372; x_wconf 87' lang='lat'><strong>5.</strong></span> <span class='ocrx_word' id='word_1_218' title='bbox 787 2343 812 2378; x_wconf 83' lang='lat'><strong>§.</strong></span> <span class='ocrx_word' id='word_1_219' title='bbox 828 2339 858 2370; x_wconf 87' lang='lat'><strong>6.</strong></span> <span class='ocrx_word' id='word_1_220' title='bbox 875 2348 923 2369; x_wconf 87' lang='lat'><strong>10.</strong></span> <span class='ocrx_word' id='word_1_221' title='bbox 938 2337 1015 2370; x_wconf 85' lang='lat' dir='ltr'><strong>Lib.</strong></span> <span class='ocrx_word' id='word_1_222' title='bbox 1029 2334 1179 2375; x_wconf 85' lang='lat' dir='ltr'>11.§.2o.</span> 
     </span>
    </p>
   </div>
  </div>
 </body>
</html>
