1487 2625
228 171 285 217 58
471 176 608 222 ADR.
641 177 807 223 CATH.
842 177 1099 223 HOLTIUS

435 367 744 417 QUAESTIO
773 368 847 410 LI
847 368 1089 412 TERARI
1087 369 1142 416 A.

279 497 356 538 Ex
401 498 617 553 antiquae
661 499 891 540 Politieae
924 500 1209 555 principiis,
1256 506 1334 542 at-

221 581 306 622 que
345 582 398 607 ex
433 569 536 622 ipsa
577 570 817 611 civitatum
854 571 1153 625 antiquarum
1186 571 1334 612 histo-

221 639 323 688 ria,
373 638 561 694 effatum
610 643 865 695 explicetur
909 643 1161 693 Veterum,
1212 645 1334 698 quod

217 710 346 764 apud
377 711 636 752 Ciceronem
661 719 730 753 est
755 724 836 769 pro
863 710 1052 755 Cluentio
1083 710 1130 755 C.
1163 709 1244 755 53:
1266 712 1332 756 le-

216 793 314 836 gum
343 793 486 825 omnes
512 781 622 826 servi
650 796 815 836 sumus,
855 789 901 826 ut
925 782 1047 827 liberi
1073 796 1163 827 esse
1186 782 1330 842 possi-

214 864 321 896 mUS·

361 1017 672 1068 QUAESTJO
713 1017 1106 1063 MATHEMATI
1109 1020 1190 1064 CA.

275 1163 584 1211 Exponantur
592 1162 857 1215 praecipua
873 1162 1152 1204 incrementa
1166 1192 1178 1216 ,
1210 1179 1326 1220 quae

213 1240 319 1287 post
355 1233 691 1287 Lagrangii
731 1247 875 1286 opus:
923 1231 1068 1275 Traitd
1101 1233 1152 1276 de
1185 1233 1226 1276 la
1255 1234 1329 1277 Γέ-

216 1301 397 1345 solution
437 1302 511 1345 des
549 1301 766 1358 c'quations
807 1308 886 1345 etc.
932 1306 1111 1358 accepit
1148 1306 1328 1348 theoria

214 1376 453 1415 solutionis
487 1376 809 1430 aequationum
829 1389 831 1391 ·
851 1376 1210 1420 numericarum.

413 1538 725 1590 QUAESTIO
762 1539 1131 1585 ZOOLOGICA.

280 1671 538 1721 Quaeritur
583 1670 858 1710 insectorum
884 1671 1294 1725 'lepidopterorum
1312 1702 1325 1724 ‚

214 1758 328 1800 quae
352 1744 398 1782 in
421 1756 557 1795 opere
590 1741 873 1780 Crameri:
904 1739 963 1782 les
991 1738 1199 1797 papillons
1220 1755 1326 1785 exo-

212 1813 348 1869 tiques
372 1811 445 1854 des
468 1809 572 1853 trois
597 1808 754 1867 parties
780 1808 834 1851 du
860 1808 1014 1852 monde
1028 1816 1105 1852 etc.
1137 1814 1324 1869 ejusque

212 1887 495 1939 suplemento
541 1882 776 1935 descripta
817 1888 862 1921 et
904 1883 1134 1922 delineata
1182 1892 1289 1925 sunt
1308 1915 1322 1937 ‚

213 1956 474 2009 catalogus,
526 1952 754 1992 continens
795 1954 1179 1994 enumerationem
1218 1970 1323 2009 sys-

213 2027 475 2068 tematioam
511 2024 795 2078 specierum,
840 2025 887 2063 in
919 2039 1004 2063 sua
1038 2039 1214 2078 genera
1244 2042 1322 2067 re-

212 2101 483 2146 dacturum,
526 2095 770 2135 secundum
805 2094 1064 2135 metlzodum
1095 2097 1176 2136 cel.
1207 2097 1322 2137 La—

213 2169 443 2218 treille‚
475 2168 521 2206 in
545 2165 804 2220 posteriore
837 2166 1033 2206 editione
1066 2165 1321 2209 Cuvierii

211 2240 390 2296 operis:
431 2236 489 2280 Le
523 2235 648 2292 r‘egne
676 2233 827 2277 animal
856 2241 932 2279 etc.
968 2237 1235 2292 expositam.
