1487 2625
550 201 909 242 MEDICA.
1006 192 1069 196 ”
1246 212 1293 241 21

166 313 385 370 anomaliae.
442 313 505 351 Cl.
532 313 809 361 Metzgerus
845 310 1142 348 observationem
1178 322 1294 348 anno·

169 384 264 421 tavit
292 384 406 433 huJ'us
432 382 626 429 veneficii‚
670 394 748 429 quo
786 383 933 429 colica,
972 381 1170 419 vehemens
1197 381 1292 419 diat-

171 453 283 491 rhoea
312 461 347 490 et
380 453 547 491 vomitus
583 453 764 491 sistebant
793 460 1043 501 symptomata
1069 452 1154 501 (1).
1208 451 1294 490 Sin-

172 523 311 572 gularis
340 524 559 561 cernebatur
591 524 770 561 decursus
800 522 839 559 in
869 523 1042 570 exemplo
1077 534 1098 560 a
1131 520 1294 560 Henke

171 593 310 639 allato,
341 602 417 640 quo
440 592 598 642 ¹J'uvenis
639 591 891 638 Arsenicurn‚
935 599 974 629 ut
1003 590 1143 628 febrem
1179 590 1292 628 inter-

174 663 380 701 mittentem
408 663 577 708 tolleret,
597 670 836 699 assumserat.
878 661 1144 709 Inquietudine
1165 667 1298 710 magna

171 733 398 771 afficiebatur
414 761 427 780 ‚
454 733 652 770 clamoram
681 732 794 769 edens
821 739 857 768 et
881 731 993 769 verba
1017 730 1178 768 confuse
1205 741 1294 778 pro·

172 803 369 841 nuncians.
421 803 464 840 In
498 813 670 839 somnum
706 801 838 839 deinde
873 800 1000 839 incidit
1037 801 1293 850 profundum,

147 874 150 880 “
172 876 235 924 (in
260 875 375 911 tinem
402 875 518 920 ticfcn
545 872 810 919 Schlummer)
828 871 1026 909 accedente
1046 871 1213 920 singultu
1228 879 1265 908 et
1281 898 1294 917 ,

174 945 343 993 quinque
366 945 471 982 horis
495 943 539 981 ab
559 944 705 991 ingesto
726 953 876 980 veneno
895 942 1057 991 elapsis,
1073 951 1193 979 morte
1206 941 1296 993 (ε).

223 1015 354 1062 Atque
391 1015 480 1051 haec
517 1013 613 1050 dicta
659 1013 734 1050 sint
752 1040 764 1057 ‚
799 1013 844 1050 de
869 1012 986 1060 signis
1012 1011 1295 1061 pathoiogicis‚

175 1096 290 1133 quae,
313 1085 468 1122 durante
486 1083 563 1120 vita
575 1111 587 1129 ,
614 1082 862 1120 observantur
877 1083 914 1120 in
926 1082 1046 1131 prima
1061 1082 1154 1119 serie
1169 1082 1299 1119 obser-

172 1156 364 1194 vationum
382 1183 394 1200 ‚
428 1154 466 1192 in
491 1153 630 1202 quibus
660 1165 679 1191 a
701 1152 902 1201 primarum
927 1152 1070 1190 viarum
1093 1151 1296 1190 inflamma-

173 1225 276 1263 tione
303 1225 502 1272 eademque
529 1235 753 1272 organorum
783 1221 1026 1260 aeriferorum
1054 1231 1089 1259 et
1119 1222 1298 1270 uropoie-

173 1296 333 1334 ticorum
359 1295 541 1333 interdurn
568 1293 766 1331 affectione
795 1292 1000 1339 morbosa,
1037 1291 1192 1340 primam
1221 1292 1299 1329 ori-

174 1367 296 1415 ginem
323 1366 509 1404 deducunt
538 1372 801 1412 symptomata.
857 1362 979 1401 Patuit
1000 1370 1120 1399 autem
1150 1373 1193 1399 ex
1219 1361 1297 1399 dic-

173 1437 247 1484 tis,
275 1437 363 1475 haec
391 1428 670 1484 symptomata,
701 1445 822 1481 neque
851 1435 889 1470 in
912 1433 1011 1470 omni
1026 1431 1297 1469 veneficiicasu

175 1507 302 1545 subito
329 1506 528 1555 ingruere,
567 1517 688 1552 neque
713 1504 903 1541 celerrime
924 1515 1069 1550 semper
1094 1512 1206 1549 atque
1236 1513 1298 1540 re-

175 1576 349 1627 guiariter
387 1577 511 1625 augeri
551 1587 678 1613 eorum
708 1574 1010 1622 vehementiam3
1044 1582 1102 1610 ast
1133 1584 1171 1611 ea
1192 1601 1204 1620 ,
1228 1573 1293 1611 diu

175 1648 361 1685 interdum
394 1655 482 1695 post
521 1656 702 1684 venenum
740 1653 974 1692 assumptum
1011 1643 1168 1690 evolvi,
1196 1644 1297 1697 lente

174 1717 342 1766 protrahi
373 1725 485 1764 atque
513 1725 602 1764 post
634 1715 958 1761 intermissiones,
983 1714 1081 1752 haud
1106 1725 1189 1751 raro
1212 1705 1296 1762 per-

174 1787 351 1835 spientis,
392 1796 550 1824 mortem
589 1785 750 1832 inferre,
789 1797 873 1823 cum
912 1785 1058 1822 tandem
1097 1783 1292 1821 deficiebat

173 1868 281 1904 saepe
297 1884 309 1903 ‚
335 1857 421 1894 dum
449 1855 599 1894 vivebat
623 1866 757 1903 aeger,
792 1863 1085 1904 symptomatum
1118 1863 1292 1901 caterva,

174 1937 318 1966 veneno
343 1935 476 1963 nostro
501 1927 720 1974 plerumque
744 1925 898 1963 excitata
914 1954 927 1972 ‚
954 1924 1069 1962 veluti
1095 1921 1260 1962 vomitus
1277 1951 1290 1970 ‚

176 1998 391 2043 diarrhoea‚
417 1997 524 2033 dolor
550 1995 724 2044 aliaque3
753 1995 839 2033 licet
864 1995 984 2032 valida
1008 1994 1179 2032 adessent
1207 2000 1296 2042 post

175 2080 330 2109 mortem
358 2068 655 2108 inflammationis
684 2078 918 2116 praegressae
945 2064 1095 2106 indicia.
1226 2055 1228 2058 ⁵
1296 2065 1299 2068 ”

1189 2134 1225 2181 §.
1254 2142 1295 2180 5.

217 2244 267 2282 (1)
292 2242 378 2273 Vide
398 2251 494 2281 supra
515 2253 548 2280 p.
564 2243 614 2272 18.
626 2257 666 2265 —-
683 2240 762 2273 Not.
777 2250 808 2270 2.

218 2298 265 2337 (α)
290 2295 452 2334 neniae,
482 2294 677 2337 zeitschrift
700 2295 735 2326 B.
755 2292 800 2326 V.
822 2302 855 2331 p.
877 2288 954 2324 426.
