1487 2625
200 176 226 217 4
443 171 578 215 Anu.
610 170 779 218 ,CA'riL
816 170 1075 216 liOLTiUS

213 308 319 349 hanc
357 306 648 363 cogitationem
691 305 961 356 incumbens,
1009 319 1183 362 cumque
1216 306 1324 349 alio-

214 398 303 426 rum
345 389 524 432 mentes,
556 381 800 438 quibuscum
839 381 889 423 de
925 381 1048 424 rebus
1090 382 1324 441 communi—

216 459 294 503 bus
329 459 530 515 agendum
561 465 676 508 erat,
721 472 802 499 non
846 457 962 501 aliter
997 466 1221 515 occupatas
1262 458 1326 500 vi-

214 536 352 578 derem
371 566 381 585 ‚
414 535 521 578 ultro
547 533 723 577 intellexi
750 533 798 576 de
828 533 907 576 alio
933 535 1026 576 loco
1053 534 1153 577 mihi
1181 534 1325 578 dicen-

217 612 313 655 dum
356 625 440 654 non
481 626 568 654 esse
600 625 722 667 quatu
765 610 1019 653 academico.
1096 611 1325 669 Reputanti

218 703 315 732 vero
337 687 486 730 variam
518 688 745 737 fortunam,
782 701 861 742 qna
893 685 1128 741 hujusmodi
1159 687 1327 730 institu-

221 774 259 808 ta
286 780 377 808 eum
412 764 521 823 apud
563 778 640 807 nos
680 770 763 805 lum
792 762 905 820 apud
941 769 1103 806 exteros
1138 763 1324 815 fuerunt,

218 850 257 885 et
286 856 430 884 causas
470 838 729 896 anquirenti,
762 853 867 894 quae
905 839 983 882 alia
1019 854 1160 882 eorum
1196 840 1326 892 laeta,

227 919 303 961 alia
343 918 477 960 minus
516 917 725 959 fructuosa
778 914 953 958 reddere
999 915 1232 973 potuerint:
1279 931 1327 961 ex

217 996 282 1039 his
321 1010 400 1038 nna
441 991 540 1036 mihi
573 993 612 1035 in
651 992 794 1050 primis
830 992 953 1048 digna
999 992 1082 1035 visa
1126 999 1186 1035 est
1219 1007 1326 1049 quae

219 1073 274 1115 ob
303 1071 446 1114 oculos·
479 1077 724 1130 penei-etum
758 1083 886 1124 eaque
926 1069 1042 1125 quasi
1086 1084 1159 1112 sua
1191 1072 1327 1127 spon·

221 1157 258 1191 te
290 1153 575 1205 argumentum
609 1144 841 1196 afferebat,
886 1160 970 1201 quo
1008 1160 1071 1189 me
1104 1145 1216 1203 apud
1250 1160 1324 1189 vos

218 1224 421 1268 hodierna
459 1222 621 1266 dicendi
661 1222 904 1265 necessitate
939 1223 1172 1267 liberarem.
1250 1223 1328 1266 Ni-

221 1301 366 1345 mirum
405 1300 602 1345 conlinuo
644 1298 820 1356 cognovi
867 1298 1165 1353 illustriores„
1199 1307 1327 1355 quot-

221 1386 324 1435 quot
358 1378 590 1429 habentur,
622 1376 879 1426 academias,
911 1382 1081 1423 cunctas
1106 1375 1209 1418 filias
1237 1390 1326 1419 esse

222 1454 477 1500 renascentis
513 1461 580 1496 aut
607 1461 877 1511 recuperatae
904 1439 1132 1506 libertatis3
1162 1451 1205 1495 in
1225 1452 1327 1510 ipsis

221 1540 355 1576 autem
385 1530 537 1587 aliquid
564 1530 731 1573 liberale
763 1528 880 1585 quasi
918 1527 1078 1572 animae
1100 1528 1194 1572 loco
1223 1529 1328 1572 fuis-
1380 1536 1384 1545 ”

218 1624 288 1662 ae,
333 1622 415 1665 quo
450 1614 636 1651 cessante
666 1614 734 1649 aut
762 1607 1027 1663 languerent,
1075 1612 1146 1648 aut
1177 1613 1327 1664 sponte

220 1683 500 1727 conciderent.
562 1681 808 1737 Huiusmodi
836 1695 964 1739 porro
994 1680 1153 1723 liberali
1190 1670 1327 1723 anima

221 1760 368 1804 vixisse
393 1767 431 1803 et
463 1759 635 1803 valuisse
658 1758 727 1800 diu
746 1757 933 1800 videntur
962 1757 1198 1801 academiae
1222 1771 1328 1801 nos-

222 1845 309 1881 trae
326 1837 530 1888 ssatavae,
562 1849 689 1891 eaque
714 1834 1027 1878 liberalitas
1059 1834 1325 1891 majorum

221 1921 567 1963 nostrorum,
626 1926 762 1968 quae
807 1911 1114 1954 academiis
1158 1911 1326 1954 insti-

220 1989 446 2033 tuendis
471 1987 857 2045 augendisque
885 1987 1107 2045 cognita
1138 1995 1326 2041 est,aut

218 2065 356 2109 omnia
384 2079 449 2109 me
478 2065 643 2117 fallunt,
660 2072 729 2107 aut
755 2072 964 2124 oportuna
989 2071 1073 2108 rest
1098 2071 1157 2108 est
1181 2064 1223 2107 in
1243 2080 1324 2121 qua

215 2142 484 2201 explicanda,
517 2141 596 2184 hac
627 2141 691 2184 die
714 2142 875 2185 futurae
908 2141 1083 2185 laetitiae
1110 2156 1323 2199 praenun-

216 2219 304 2271 cia,
338 2218 596 2275 defungentis
615 2218 809 2261 Recioris
831 2218 1046 2276 praeludat
1078 2219 1224 2263 oratio.
1275 2219 1321 2262 ld
