1487 2625
572 197 956 247 ORATIO.
1273 210 1329 255 59

338 334 358 350 ²
393 328 706 389 QUAESTIO
737 335 1156 387 THEOLOGICA.

273 446 543 490 Schismatis
567 450 615 491 in
631 451 846 496 Dioecesi
865 457 1326 514 Rheno-Trajectina

212 516 520 577 (142371457)
574 521 774 566 historia
824 527 893 569 ita
948 539 1195 574 enarretur
1211 563 1224 585 ,
1277 542 1328 575 ut

209 585 352 630 Simul
392 592 492 645 ejus
518 592 589 634 vis
615 604 873 650 exponatur
903 615 1004 642 cum
1033 604 1079 644 in
1118 605 1329 646 Ecclesi—

209 659 326 701 siam
365 667 411 701 et
449 663 790 710 Hierarclziam
829 671 1101 727 Belgicam,
1143 682 1240 717 tum
1279 677 1327 717 in

202 734 588 787 praeparandam
626 736 878 783 Sacrorum
907 744 954 784 itz
972 747 1141 799 patria
1169 754 1327 789 nostra

208 804 583 850 emendationem.

438 918 752 971 QUAESTIO
779 927 815 970 I
817 927 1016 974 URIDI
1021 932 1103 977 CA.

271 1034 507 1081 Succincte
548 1053 830 1098 exponatur,
874 1051 1007 1103 quale
1050 1048 1084 1093 C
1099 1051 1243 1094 aroli
1274 1052 1325 1097 V.
1376 1084 1384 1087 κ

209 1112 361 1148 aetate
388 1110 435 1150 in
464 1112 660 1155 diversis
684 1116 847 1171 Belgii
869 1120 1132 1174 regionibus
1155 1124 1198 1163 ei
1219 1125 1328 1165 sub-

199 1178 343 1232 jectis
357 1182 444 1234 jus
476 1187 645 1226 summi
670 1188 887 1242 imperii,
932 1192 1183 1249 quibusque
1207 1195 1328 1248 fini-

210 1249 293 1290 bus
334 1252 512 1296 Summi
552 1257 838 1313 Imperantis
880 1270 1087 1316 potestas
1124 1267 1328 1309 circum-

208 1322 387 1377 scripta
405 1325 575 1380 fuerit.

582 1445 956 1470 -ΦΨ

263 1517 478 1574 Tandem,
511 1522 760 1577 Auditores,
791 1535 1019 1586 postquam
1046 1532 1136 1577 aliis
1157 1536 1326 1593 publice

208 1596 437 1652 gratulatus
466 1613 587 1652 sum,
630 1601 743 1646 venit
771 1603 902 1650 horae
926 1618 1207 1666 momentum,
1242 1630 1326 1672 quo

207 1670 398 1717 mihimet
439 1673 529 1733 ipse
574 1679 784 1734 gratuler,
813 1682 897 1726 iam
919 1684 1160 1734 liberandus
1183 1691 1326 1737 hono-
1404 1724 1409 1728 -

204 1746 324 1792 rifico
351 1750 547 1807 quidem,
590 1755 664 1798 sed
690 1758 805 1814 gravi
835 1767 874 1803 et
898 1764 1116 1821 negotioso
1137 1778 1324 1816 munere.

148 1817 151 1820 ⁴
205 1824 426 1872 Decedens
478 1829 607 1887 igitur
653 1833 898 1892 magistratu
960 1842 1226 1900 academico,
1275 1863 1325 1893 ex

208 1900 380 1948 decreto
439 1908 717 1964 augustissimi
766 1912 1000 1975 Pxincipis,
1040 1936 1325 1971 successoiem

206 1994 375 2034 meum,
416 1982 489 2039 qui
521 1999 633 2030 anno
657 1990 854 2046 proximo
880 1993 1144 2052 Trajectinae
1168 2004 1326 2050 acade-

205 2055 316 2101 miae
341 2060 553 2116 regundae
579 2065 759 2120 praesit,
788 2071 1014 2116 renuncio:

208 2133 258 2178 V.
289 2133 352 2179 cl.
384 2135 642 2183 Jacobum
674 2142 994 2203 Ludovzicum
1028 2151 1322 2202 Conradum

265 2208 580 2259 Schroeder
611 2233 705 2263 van
736 2220 827 2265 der
858 2222 1015 2281 K01k‚
1048 2228 1160 2277 Med.
1195 2233 1319 2282 Doct.

264 2294 304 2331 et
333 2288 449 2334 Prof.
483 2290 590 2339 ord.
