1487 2625
219 196 287 238 146
434 190 1097 231 COMMENTATIO

266 294 324 341 9⁰.
352 293 510 341 Sulphas
539 291 659 340 Cupri
681 291 962 340 praecipitatum
1000 290 1174 331 formaret
1198 293 1325 332 colore

216 363 486 409 viridescente‚
531 362 635 410 quod
671 361 795 399 itidem
833 361 870 399 in
905 362 1119 400 Chromatis
1150 363 1325 400 Potassae

214 433 403 471 solutione
446 430 527 469 fieri
561 429 689 469 docuit
729 430 1016 468 Berzelius
1062 433 1144 480 (ι).
1209 432 1323 470 Por-

214 513 291 540 tet
320 502 468 539 eandem
500 502 655 548 protulit
686 501 902 538 sententiam
920 530 933 548 ‚
959 510 1159 548 monetque
1186 501 1260 538 allii
1288 511 1325 540 et

214 571 394 612 seminum
419 569 572 610 Coffeae
597 572 791 610 decoctum
813 571 907 609 idem
934 582 975 608 ac
994 571 1137 610 acidum
1171 571 1328 610 Arseni-

211 641 331 679 cicum
367 641 524 679 excitare
561 642 867 689 phaenomenon3
899 640 1001 687 quod
1033 649 1153 678 tamen
1175 650 1327 678 auctore

210 712 244 751 C
261 723 284 749 0
300 722 323 748 ο
339 723 362 760 p
378 723 397 749 e
412 723 428 748 r
444 723 466 748 o
490 712 535 749 ab
557 711 645 758 illo,
676 711 779 759 quod
802 711 985 748 Arsenico
1012 710 1232 759 producitur
1244 738 1258 756 ‚
1273 708 1329 747 fa-

212 784 247 820 le
273 781 478 831 dignoscici
505 781 627 830 possit
653 780 725 831 (α)
777 779 985 818 Observavi
1014 780 1121 817 etiam
1158 780 1247 817 satis
1272 779 1329 817 in·

211 852 353 901 signem
393 851 635 889 differentiam
674 851 712 888 in
735 852 888 895 colore,
917 861 1024 897 quem
1058 850 1210 897 sulphas
1247 851 1328 887 Cu·

208 922 267 970 pri
281 921 318 959 in
328 921 560 959 Arseniatem
573 921 744 959 Potassae
755 920 993 970 ejusdemque
1003 921 1226 957 chromatcm
1241 929 1328 966 pro-

209 991 377 1030 duxerat.
431 990 497 1028 Ille
526 991 623 1028 enim
658 999 735 1028 erat
779 992 1059 1037 caerulescens,
1099 1001 1166 1027 nec
1199 989 1324 1038 prouti

212 1059 273 1097 hic
292 1059 445 1108 pulchre
459 1060 603 1097 viridis.
640 1059 741 1098 Idem
764 1059 865 1105 vidi,
902 1071 1016 1107 quum
1041 1059 1231 1097 arseniatis
1262 1071 1324 1097 so·

207 1129 409 1175 lutionem‚
440 1139 475 1167 et
508 1130 553 1166 ab
580 1130 690 1167 altera
721 1139 821 1177 parte
857 1129 932 1168 allii
959 1138 996 1167 et
1031 1128 1169 1167 coffeae
1192 1129 1325 1166 decoc-

207 1206 287 1235 tum
320 1208 535 1235 sumseram.
589 1197 729 1236 Verum
755 1197 859 1235 aliter
898 1209 954 1235 res
988 1209 1069 1235 sese
1100 1197 1257 1236 habebat
1283 1198 1322 1235 in

207 1267 349 1305 ultimis
391 1267 492 1305 hisce
524 1266 734 1314 liquoribus
772 1267 935 1304 decoctis
972 1278 1115 1305 veneno
1151 1269 1323 1306 scatenti-

206 1336 278 1374 bus
325 1346 360 1374 et
387 1337 453 1375 isso
489 1337 692 1375 destitutis.
748 1336 922 1384 Utroque
952 1348 1039 1375 casu
1066 1337 1161 1375 idern
1187 1339 1320 1376 excita-

205 1405 316 1443 batur
362 1407 466 1443 color
513 1406 619 1453 isque
652 1407 808 1454 pulchre
831 1406 975 1444 viridis.
1030 1407 1167 1456 Magna
1194 1408 1319 1456 itaque

204 1475 291 1513 huic
313 1475 474 1524 reagenti
499 1476 692 1513 tribuenda
712 1487 787 1513 non
813 1477 959 1514 videtur
982 1477 1189 1518 efficacitas,
1216 1478 1317 1517 Cum

205 1545 337 1582 debilis
356 1554 541 1593 praeterea
560 1545 700 1583 oriatur
723 1554 864 1583 tantum
894 1547 1088 1585 reactionis
1112 1547 1285 1586 indicium
1304 1577 1317 1596 ,

203 1626 347 1653 veneno
382 1615 467 1652 licet
488 1626 600 1662 parva
630 1615 834 1662 quantitate
860 1627 977 1663 aquae
1010 1618 1153 1656 soluto.

259 1690 339 1723 100.
366 1684 503 1722 Statuit
545 1685 572 1721 Β
590 1685 829 1722 etzelius
859 1687 1000 1723 nullum
1042 1687 1117 1724 dari
1162 1688 1315 1726 Arseni-

201 1754 237 1792 ci
260 1753 597 1802 sulphuretum,in
626 1766 703 1802 quo
727 1755 886 1802 sulphur
907 1756 1151 1802 aequivaleret
1176 1767 1314 1807 exyge-

200 1824 267 1861 nio
289 1823 382 1861 acidi
412 1823 618 1861 Arsenicici
635 1835 743 1870 ,cum
761 1824 870 1874 hujus
896 1826 1028 1863 veneni
1059 1827 1199 1866 solutio
1226 1827 1310 1876 Hy-

201 1894 380 1942 drogenio
407 1894 627 1942 sulphurato
669 1904 744 1931 non
782 1895 1127 1943 decomponeretur.
1204 1897 1310 1937 Hanc

202 1969 276 1996 rem
319 1957 530 1996 Gmelin
565 1958 720 1995 ulterius
758 1958 966 2007 indagavit,
998 1970 1110 2008 atque
1136 1961 1308 2009 probavit

1161 2029 1316 2070 Pfaff

241 2146 289 2185 (2)
312 2145 556 2175 Jahreshericht
572 2165 580 2179 ,
613 2156 645 2173 ιι.
667 2156 692 2174 s.
716 2155 752 2173 w.
773 2146 892 2186 Jalzrg.
914 2147 942 2176 5.
964 2157 996 2185 p.
1021 2157 1089 2178 100.
1113 2148 1163 2178 Cf.
1185 2148 1219 2178 Μ
1234 2159 1310 2180 on..

200 2198 389 2233 he1m‚l.
413 2208 440 2227 c.
464 2208 493 2235 p.
518 2197 567 2226 40.

240 2254 334 2291 (231⁷
352 2262 398 2281 ro
414 2262 427 2281 r
443 2252 451 2279 i
467 2263 482 2281 e
499 2261 516 2289 p
535 2272 543 2287 ,
570 2250 593 2279 ¹.
614 2264 646 2284 c.
672 2250 728 2280 Bd.
753 2251 797 2281 11.
820 2253 868 2281 110.
893 2255 941 2283 18.
964 2263 997 2292 p.
1022 2254 1090 2294 273,
