1487 2625
443 430 644 479 PARS
694 430 972 482 PRIMA.

314 562 538 598 SIGNA
587 564 1125 602 PATfloLOGICA.

485 705 932 719 *nm—G—

598 820 740 858 CAP.
784 820 816 858 Ι.

454 962 497 988 lN
528 961 629 988 VITA
657 959 953 987 OBSERVANDA.

655 1089 689 1135 ς.
724 1099 758 1124 ι.

199 1216 401 1283 Corporis
443 1235 590 1273 humani
627 1234 703 1273 vivi
730 1233 926 1283 partibus,
966 1232 1092 1281 paucis
1121 1211 1263 1271 tentum

144 1296 340 1353 exceptis,
372 1304 580 1343 facultatem
617 1315 699 1341 esse
739 1302 957 1352 propriam{‚
996 1315 1068 1350 qua
1093 1304 1265 1341 stimulos

142 1388 213 1413 suo
241 1376 400 1422 quodam
430 1376 539 1412 modo
561 1373 802 1422 percipiunt,
831 1374 897 1411 sed
913 1381 949 1411 et
968 1373 1153 1421 perceptis
1187 1373 1263 1410 vim

141 1446 180 1484 vi
207 1453 433 1494 opponunt,
475 1456 514 1482 ac
557 1444 803 1492 repulsionem
844 1443 960 1481 veluti
1000 1443 1130 1489 illius,
1161 1443 1263 1489 quod

141 1508 278 1565 quietis
318 1527 405 1554 suae
442 1524 576 1553 statum
611 1514 763 1560 turbat,
788 1521 958 1559 tentant,
986 1512 1128 1550 verbo:
1181 1523 1263 1549 cor-

139 1597 211 1634 pus
226 1593 396 1623 nostrum
420 1585 465 1622 ad
492 1584 665 1621 stimulos
689 1582 760 1630 ipsi
782 1583 954 1620 admotos
981 1583 1019 1619 in
1040 1591 1161 1620 actum
1176 1583 1263 1620 duci

140 1655 286 1694 vitalem
303 1682 316 1702 ,
347 1663 475 1692 natura
500 1665 607 1701 saepe
631 1651 895 1690 succumbente
918 1651 1115 1699 deinceps,
1144 1651 1264 1700 omni-

138 1725 209 1762 bus
235 1734 290 1761 est
314 1727 519 1772 cognitum.
584 1723 719 1771 Neque
751 1724 809 1759 vel
846 1722 951 1759 aliter
986 1731 1140 1771 potest,
1170 1722 1261 1769 quin

139 1794 302 1832 omnium
335 1805 534 1842 corporum
563 1793 771 1831 viventium
808 1793 1022 1841 organismo
1056 1792 1260 1830 innimicis-

137 1863 253 1901 simus
281 1862 357 1900 fere
400 1863 569 1900 Arsenici
605 1863 808 1909 stimulus,
853 1863 969 1901 varias
1015 1872 1197 1912 provocet
1223 1863 1262 1900 in

138 1931 290 1970 homine
319 1932 415 1970 vitae
444 1933 624 1979 reagentis
662 1933 822 1981 indicia,
860 1933 1022 1981 plenaria
1058 1934 1136 1982 eJ'us
1174 1933 1262 1970 abo-

136 2002 268 2040 litione
303 2000 518 2051 frequenter
559 2003 764 2040 terminata.
845 2003 961 2052 Quod
989 2004 1154 2041 omnium
1187 2003 1263 2042 fre-

137 2071 379 2119 quentissime
417 2071 575 2118 acc}dit‚
604 2073 635 2109 si
662 2070 700 2108 in
727 2081 866 2120 partem
908 2074 1059 2111 vinculo
1097 2074 1261 2113 arctissi-

135 2153 197 2178 mo
224 2141 399 2180 omnibus
428 2143 614 2191 junctam,
647 2142 897 2180 ventriculum
929 2155 1043 2194 puta,
1092 2145 1261 2183 introdu-

134 2218 263 2257 catur,
303 2217 338 2247 et
372 2211 577 2258 primariam
616 2222 717 2248 suam
754 2211 1192 2262 vehementissimamque
1219 2215 1257 2251 in

135 2273 238 2318 illum
277 2289 312 2317 et
343 2280 516 2318 intestina
550 2289 690 2319 exserat
716 2281 913 2322 actionem.

1161 2357 1260 2395 Peri-
