1487 2625
239 221 286 258 52
462 205 1119 247 COMMENTATIO

249 345 273 366 ‚‚
299 328 392 365 quae
419 317 556 364 ubique
581 316 706 352 eodem
733 316 843 352 modo
871 314 1129 353 observantur.
1178 316 1346 354 Socra-

249 416 274 435 „
303 396 389 425 tes,
441 386 544 424 Num
588 387 654 423 hae
691 386 735 422 ab
777 383 990 421 hominibus
1025 385 1116 422 latae
1156 395 1236 423 esse
1273 385 1346 422 dici

250 485 275 504 ,‚
299 456 488 504 possunt?
542 456 685 503 Hipp.
715 454 917 504 Quomodo
943 454 1013 491 hoc
1038 453 1115 490 fieri
1140 454 1349 501 potuisset,

253 553 278 573 „
305 536 419 572 quum
464 536 585 572 neque
628 523 826 562 convenire
866 533 993 560 omnes
1021 523 1059 560 in
1091 533 1203 560 unum
1231 525 1351 562 locum

252 622 277 641 ,‚
303 604 487 644 possent,
520 606 640 642 neque
678 605 839 642 unquam
874 593 968 630 inter
1004 603 1045 629 se
1069 592 1354 631 consentirent?

253 693 277 713 ,‚
305 666 437 704 Socr.
489 665 679 715 Quosnam
719 663 833 710 igitur
860 662 1044 700 existimas
1083 663 1181 710 leges
1208 661 1273 699 has
1300 669 1358 698 tu-

254 764 279 784 „
304 735 426 775 lisse‘?
465 735 607 783 Hipp.
647 733 831 781 Equidem
861 730 1092 777 existimem,
1119 732 1221 769 Deos
1247 740 1358 777 esse,

255 833 281 854 ,‚
307 806 372 853 qui
409 805 508 853 leges
553 805 661 842 hasce
706 801 918 839 hominibus
959 800 1209 848 praeceperint
1260 799 1360 837 etc.’'

253 875 360 913 Talis
384 876 442 912 lex
469 882 552 920 est,
577 874 679 911 Deos
709 883 791 910 esse
814 871 992 909 colendos
1008 898 1020 916 ‚
1048 878 1216 918 parentes
1240 870 1360 907 hono-

251 956 290 982 re
323 944 634 992 prosequendos,
675 942 842 979 illicitum
879 952 961 979 esse
993 940 1088 978 inter
1128 947 1298 988 parentes
1325 947 1361 976 et

254 1014 393 1051 liberos
419 1014 559 1051 coitum
574 1042 586 1059 ‚
616 1023 684 1060 pro
711 1011 901 1049 beneficiis
924 1010 1084 1058 acceptis
1108 1008 1257 1058 gratiam
1277 1019 1362 1045 esse

256 1085 497 1123 referendam.
561 1083 641 1120 Hae
666 1084 765 1130 leges
793 1080 939 1119 divinae
974 1087 1086 1127 sunt3
1124 1089 1235 1125 nam,
1275 1088 1361 1115 cum

251 1156 352 1203 leges
379 1155 557 1191 humanae
582 1152 762 1189 interdum
792 1151 873 1187 sine
897 1160 1016 1196 poena
1039 1147 1166 1186 violari
1190 1147 1360 1195 possint,

254 1225 306 1270 ii,
335 1224 398 1271 qui
422 1223 501 1259 illas
525 1223 622 1269 leges
645 1221 811 1266 violant,
835 1219 872 1256 in
895 1228 1051 1267 poenam
1070 1217 1238 1254 incidunt
1256 1217 1361 1253 nullo

253 1295 366 1331 modo
402 1292 675 1341 effugiendam,
717 1290 793 1335 ita,
830 1288 895 1336 qui
924 1286 1128 1332 beneficia,
1158 1297 1178 1323 a
1203 1285 1363 1333 parenti-

256 1363 326 1400 bus
343 1390 355 1409 ,
391 1372 453 1399 aut
488 1360 612 1399 amicis
638 1367 809 1405 accepta,
840 1368 917 1395 non
945 1356 1086 1402 refert,
1113 1367 1157 1393 eo
1184 1355 1267 1403 ipso
1293 1366 1364 1403 pu·

257 1432 384 1477 nitur,
424 1430 527 1478 quod
558 1442 577 1467 a
613 1429 721 1466 bonis
750 1427 877 1466 amicis
905 1426 1108 1464 deseritur:
1144 1436 1226 1463 nam
1253 1435 1362 1462 nemo

256 1503 395 1538 amicus
432 1512 512 1537 esse
545 1499 636 1537 velit
675 1498 734 1543 ei,
781 1497 844 1545 qui
884 1495 1060 1534 beneficia
1100 1503 1248 1543 accepta
1285 1504 1362 1531 non

257 1579 361 1618 grato
388 1571 509 1607 animo
533 1568 664 1606 referat
691 1570 711 1616 (
720 1568 775 1615 1).
828 1568 919 1605 Non
955 1568 1079 1614 plures
1116 1565 1251 1602 diserte
1286 1564 1363 1601 So-

256 1649 411 1677 crates
439 1648 623 1675 enumerat
651 1639 748 1685 leges
779 1637 954 1683 divinas3
980 1636 1044 1672 sed
1070 1634 1217 1672 videtur
1241 1633 1363 1671 omnia

255 1718 449 1755 praecepta
494 1708 645 1744 moralia
694 1706 868 1743 habuisse
906 1707 1032 1752 leges,
1082 1716 1101 1741 a
1139 1703 1221 1741 Diis
1259 1703 1362 1743 latas.

257 1782 404 1819 Scilicet
447 1780 611 1817 nondum
648 1779 882 1816 adscenderat
925 1777 969 1814 ad
1007 1775 1217 1821 αὐτονομίαν
1251 1776 1363 1813 animi

254 1851 493 1894 liumani‚⁴et
517 1860 600 1885 cum
633 1856 750 1884 tamen
777 1848 834 1884 illa
860 1854 1050 1893 praecepta
1082 1844 1202 1882 ubivis
1225 1844 1362 1881 sancita

256 1932 336 1957 esse
368 1920 534 1963 videret,
567 1928 634 1954 nec
671 1916 802 1953 violari
831 1926 942 1963 posse
968 1915 1047 1951 sine
1072 1913 1173 1962 gravi
1201 1914 1362 1957 damno,

255 1988 409 2027 recurrit
437 1989 480 2025 ad
509 1988 625 2024 Deum
645 2014 657 2030 ,
683 1997 828 2022 causam
853 1984 1017 2022 omnium
1041 1996 1160 2021 rerum
1184 1984 1361 2030 primam,

256 2058 431 2107 neglectis
454 2056 575 2094 causis
601 2054 870 2104 propioribus;
897 2055 1020 2091 solent
1043 2053 1138 2090 enim
1167 2052 1359 2097 homines,

258 2138 293 2166 et
328 2127 456 2164 inculti
486 2126 625 2172 quique
658 2125 822 2161 omnium
851 2123 1032 2169 maxime,
1059 2133 1124 2160 nec
1152 2119 1360 2164 immerito,

1299 2190 1361 2226 ubi

301 2273 349 2313 (ι)
372 2272 423 2302 Cf.
447 2273 543 2301 Mem.
566 2269 628 2300 lv.
652 2280 678 2299 c.
699 2269 730 2300 4.
757 2266 785 2306 ξ.
809 2278 856 2308 ²9-
880 2278 951 2307 sqq.
