1487 2625
226 212 274 249 24
447 197 1103 239 COMMENTATIO

276 309 405 349 Minus
444 309 549 346 etiam
586 308 751 356 ferebat,
794 309 867 347 imo
891 310 1009 348 nobili
1039 312 1147 350 animi
1165 312 1247 361 ὅργῃ
1273 313 1328 352 in·

229 379 446 427 dignabatur
472 406 486 425 ,
538 378 792 426 Sophistas
845 390 1047 426 eorumque
1096 382 1328 430 discipulos,

223 450 536 497 Demagogos.
588 447 775 495 Videbat,
818 460 924 495 quam
960 450 1198 496 perniciosam
1229 452 1327 490 exet-

223 527 346 555 cerent
369 517 440 555 vim
460 544 473 563 ,
500 527 577 569 tum
604 517 641 555 in
667 517 765 555 cives
795 518 991 566 singulos,
1032 513 1107 556 tum'
1135 520 1171 557 in
1200 522 1327 560 civita·

224 595 297 624 tem
335 597 495 624 omnem.
565 587 730 636 Juvenes
770 587 949 635 imprimis
989 588 1218 636 nobiliores,
1261 591 1326 638 qui

220 655 362 700 civitati
395 656 577 704 regundae
614 657 785 705 deinceps
822 657 1001 694 interesse
1022 659 1245 707 cupiebant,
1278 660 1323 698 ab

221 725 267 763 iis
300 726 349 763 ita
384 725 701 773 informabantur,
741 735 783 763 ut
808 727 996 764 veritatem
1023 738 1155 765 sonum
1183 728 1324 766 inanem

219 796 395 841 habentes
419 824 433 842 ‚
484 796 665 846 justitiam
716 796 967 844 virtutemque
1014 806 1292 836 contemnentes
1311 826 1326 846 ‚

219 865 322 903 Deos
357 874 420 904 aut
452 876 528 903 non
568 877 672 912 esse,
712 874 774 902 aut
809 866 941 912 procul
973 877 993 903 a
1019 866 1129 904 rebus
1157 866 1326 904 humanis

217 934 347 981 abesse
380 934 657 981 existimantes,
685 933 733 989 ,id
760 935 866 972 unice
893 944 1068 982 agerent,
1110 945 1177 984 ut,
1216 949 1324 984 quam

218 1003 373 1041 maxime
391 1013 575 1052 possent,
604 1004 863 1051 voluptatibus
887 1004 1095 1043 fruerentur
1111 1034 1123 1053 ,
1153 1016 1189 1044 et
1213 1011 1322 1044 suum·

216 1074 451 1114 commodum
492 1073 767 1121 proveherent,
805 1085 1035 1112 communem
1059 1075 1323 1114 omnium'uti-

217 1140 354 1186 litatem
392 1142 638 1190 negligente&
692 1143 744 1180 Hi
785 1152 903 1181 autem
937 1145 1120 1192 juvenes,
1162 1146 1207 1182 ad
1229 1156 1322 1184 rem-

219 1210 405 1258 publicam
429 1212 639 1250 accedentes
655 1240 669 1258 ,
711 1223 793 1249 cum
821 1213 1094 1251 multitudinem
1119 1215 1318 1253 ducendam

216 1290 296 1317 esse
329 1279 581 1318 existimarent
616 1282 739 1329 specie
775 1281 969 1329 veritatis,
1011 1294 1046 1321 et
1081 1296 1100 1321 a
1135 1285 1319 1332 magistris

215 1357 328 1393 artem
363 1349 579 1387 didicissent
595 1351 772 1397 faciendi
806 1364 881 1388 rem
919 1353 1133 1401 inferiorem
1170 1352 1319 1393 dicendo

212 1421 461 1470 superiorem,
510 1421 656 1468 populo
691 1421 961 1468 adulabantur,
1016 1422 1094 1471 ejus
1130 1423 1316 1461 erroribus

213 1559 421 1606 populum,
470 1559 576 1606 quasi
612 1559 743 1597 animal
777 1559 894 1597 ferum
933 1560 1209 1598 incantamentis
1250 1562 1312 1599 de-

211 1626 402 1664 mulcitum
424 1654 437 1673 ,
462 1627 511 1664 ita
532 1628 732 1675 ducerent,
760 1629 814 1666 uti
835 1629 906 1666 sibi
929 1630 1018 1677 ipsis
1039 1641 1146 1677 quam
1161 1631 1316 1670 maxime

208 1695 430 1743 prodesset,
460 1697 556 1734 unde
584 1697 671 1735 dicti
701 1707 788 1736 sunt
813 1697 1015 1748 demagogi.
1060 1701 1120 1737 Sic
1148 1703 1310 1748 populus

209 1765 319 1803 fiebat
349 1766 503 1814 ignavus
527 1776 563 1805 et
589 1767 812 1815 iracundus;
853 1769 1081 1814 gloriabatur
1122 1771 1166 1807 de
1205 1782 1312 1818 proa-

210 1846 340 1872 vorum
365 1836 531 1880 virtute,
559 1835 640 1883 ipse
665 1837 802 1874 virtute
828 1838 1056 1886 destitutum
1086 1848 1121 1876 et
1145 1840 1174 1876 si
1200 1840 1308 1888 quis,

208 1914 294 1945 vere
317 1904 395 1953 ejus
423 1905 530 1942 saluti
558 1907 780 1954 consulens,
819 1907 993 1954 ingratam
1022 1907 1092 1956 ipsi
1118 1909 1305 1947 veritatem

208 1973 257 2010 ob
297 1975 427 2011 oculos
468 1984 648 2022 poneret,
698 1975 985 2024 effervescebat,
1026 1986 1061 2015 et
1100 1989 1209 2016 veros
1247 1980 1306 2017 sui

204 2042 341 2087 amicos
378 2044 421 2080 ad
454 2052 608 2081 mortem
652 2045 821 2085 ducebat.
892 2046 973 2092 Ita,
1027 2047 1201 2096 deceptus
1256 2048 1301 2085 ab

204 2113 444 2160 oratoribuS,
484 2125 552 2150 suo
584 2122 725 2151 tantum
759 2117 955 2153 commodo
983 2118 1218 2163 provehendo
1245 2117 1300 2153 in-

203 2185 340 2228 tentis,
379 2182 541 2230 suscepit
563 2184 831 2231 expeditionem
859 2184 895 2221 in
920 2186 1151 2232 Siciliam,
1191 2185 1301 2223 bella-

200 2262 272 2309 que
305 2252 478 2290 adversus
517 2253 606 2290 alios
648 2253 830 2300 Graecos,
882 2255 917 2291 in
961 2266 1137 2293 carcerem
1172 2255 1297 2305 injecit

1232 2337 1299 2374 ΟΡ-
