1487 2625
237 191 283 228 50
460 167 1123 215 COMMENTATIO

242 290 343 327 hunc
379 282 676 324 inflammationis
700 281 838 319 exitum
864 279 1076 319 observavit
1100 279 1138 317 in
1159 277 1347 326 foemina,

240 359 349 408 cujus
381 353 543 394 venificii
582 351 774 390 historiam
814 358 919 388 antea
957 349 1151 387 retulimus
1193 349 1254 396 (p.
1287 359 1348 396 19.

242 409 324 466 not.
360 424 440 473 4),
491 431 604 471 atque
652 422 746 459 idem
788 420 940 459 ulterius
973 419 1066 457 hanc
1109 429 1184 457 rem
1220 419 1356 456 confir-

242 495 383 542 mavit,
414 493 534 532 allatis
565 490 895 530 observationibus
927 490 987 529 M.
1017 487 1123 526 Hof
1131 488 1152 526 f
1160 488 1353 535 manni,

241 563 459 604 Wolffii
500 571 538 601 et
575 560 885 607 Henckelii‚
932 558 1070 606 quibus
1105 557 1355 596 ventriculum

239 636 474 680 ulceratum,
513 642 662 669 erosum
696 638 809 678 atque
850 627 1097 667 foraminibus
1132 636 1355 676 pertusum,

239 705 434 743 inventum
461 700 575 740 fuisse
603 708 760 739 testatur
787 699 874 750 (1).
928 695 1230 736 Ruischius
1256 695 1355 734 idem

238 774 382 823 saepius
429 771 565 812 vidisse
598 769 793 808 confirmat
834 767 918 818 (2).
981 767 1083 806 Inter
1130 764 1356 804 recentiores

240 841 447 882 doctissimi
474 841 638 891 Jones
675 848 712 876 et
747 838 993 886 Wikeley
1024 836 1184 886 tunicam
1219 834 1359 875 ventri·

240 913 315 952 culi
355 912 534 950 internam
570 909 790 947 invenerunt
815 907 1071 945 inflammatam
1106 917 1260 954 eamque
1284 916 1354 954 pro

241 992 370 1030 magna
415 988 519 1028 parte
566 979 789 1016 destructam
828 976 915 1026 (3).
981 977 1024 1015 ln
1060 975 1133 1014 alio
1168 986 1256 1014 casu
1296 974 1358 1013 tali

242 1052 386 1090 ratione
411 1049 642 1088 ventriculus
676 1046 922 1085 foraminibus
945 1055 1022 1084 erat
1043 1045 1255 1095 perforatus
1270 1073 1285 1092 ‚
1314 1053 1358 1082 ut

241 1121 356 1159 cribri
382 1122 497 1158 instar
528 1121 656 1157 lumen
679 1116 946 1157 transmitteret
973 1117 1071 1165 (4).r

295 1192 515 1240 Gangraena
562 1188 675 1227 hodie
718 1187 835 1225 rarius
876 1186 1064 1225 observari
1111 1187 1235 1232 solet,
1273 1195 1357 1223 cum

243 1264 350 1300 color
380 1262 511 1310 niger,
540 1258 691 1308 sanguis
713 1257 930 1306 coagulatus
970 1264 1005 1293 et
1037 1255 1213 1294 ulceratio
1247 1255 1360 1293 simul

248 1331 387 1379 obvia,
425 1341 554 1368 causae
582 1336 686 1367 antea
714 1326 834 1365 fuisse
869 1326 1091 1374 videantur,
1126 1334 1166 1364 ut
1188 1336 1360 1374 gangrae-

243 1412 326 1439 nam
365 1400 494 1438 adesse
532 1397 773 1447 opinarentur
799 1404 987 1435 auctores,
1039 1396 1082 1434 In
1123 1406 1199 1433 uno
1236 1404 1357 1433 tamen

246 1471 417 1518 exemplo
456 1469 686 1507 membranae
723 1465 918 1504 ventriculi
943 1466 1104 1503 internae
1131 1466 1252 1503 aderat
1272 1475 1359 1513 gan-

250 1538 526 1587 graenescentia
554 1548 670 1584 eaque
696 1537 786 1573 satis
812 1544 960 1573 extensa
984 1534 1069 1582 (5).

300 1609 508 1655 Tamquam
540 1604 774 1645 manifestum
813 1603 1110 1642 inflammationis
1135 1603 1280 1652 signum
1304 1614 1361 1641 re-

244 1678 390 1716 censeri
425 1686 584 1714 meretur
602 1705 613 1724 ‚
641 1675 835 1714 exsudatio
872 1675 1045 1723 lymphae
1085 1674 1288 1723 plasticae,
1315 1675 1360 1711 ad

248 1747 405 1785 formam
447 1747 536 1784 retis
586 1746 701 1793 magis
744 1757 851 1792 quam
891 1744 1119 1783 membranae
1153 1743 1356 1792 depositae.

248 1818 364 1856 Doct.
415 1815 610 1854 Baillie
663 1815 729 1853 has
780 1813 1154 1863 pseudomembranas
1192 1815 1230 1852 in
1283 1824 1359 1852 uno

1238 1895 1358 1923 exem-

294 2011 347 2049 (ι)
369 2008 390 2036 l.
413 2017 440 2037 e.
465 2009 536 2036 Art.
558 2005 602 2038 V.
627 2017 660 2044 p.
684 2016 756 2038 221.

291 2065 345 2099 (2)
372 2061 533 2091 The-taur.
553 2061 711 2090 Anatom.
733 2063 847 2092 Octav.
869 2059 931 2091 No·
952 2071 1006 2102 7⁰·

295 2114 344 2152 (ὅ)
366 2115 417 2143 Cf.
443 2114 645 2148 Foderd,
670 2113 692 2143 1.
717 2124 745 2143 c.

290 2166 728 2203 1(4)‹3hristison‚i.
750 2178 778 2197 c.
802 2177 834 2205 p.
856 2167 928 2197 546.

293 2220 345 2259 (ὦ)
370 2220 556 2255 Helike,
581 2219 603 2249 Ι.
628 2228 658 2248 c.
