1487 2625
459 143 847 187 ORATIO,
1146 144 1200 188 25

97 281 262 333 frustra,
286 277 457 321 invitati.
529 273 795 321 vAdmirabile
846 285 906 322 est
952 274 1200 334 legentibus,

100 366 204 413 quas
235 355 482 412 longinquas
513 354 761 412 legationes,
794 369 898 410 quos
930 368 1201 411 congressuS,

101 423 204 489 quas
236 431 552 475 deliberationes
582 438 622 474 et
653 446 814 483 moras,
841 445 923 473 non
948 430 1096 473 minori
1111 445 1204 474 cum

76 508 405 567 perseverantia
441 522 565 564 quam
605 507 871 559 liberalitate,
915 507 1047 550 nostri
1084 507 1207 550 obie-

100 586 182 629 rint
213 592 252 628 et
283 584 572 636 sustinuerint,
611 591 657 628 ut
688 600 711 627 a
743 583 917 627 civitatis
947 584 1205 635 rectoribus,

101 663 162 706 vel
192 676 337 719 regum
369 661 533 717 aliquo,
566 661 630 704 vel
658 660 871 718 Principe,
906 661 1003 703 clari
1028 661 1206 704 nominis

101 740 382 797 professorem
405 738 701 796 impetrarent,
729 744 799 780 aut
825 737 937 780 claro
961 736 1047 780 viro
1065 737 1206 789 alicui,

104 822 167 859 ut*
187 815 230 858 in
269 814 480 859 Bataviam
522 814 702 866 veniret,
749 814 1060 872 persuaderent.
1121 816 1207 859 Nec

104 900 262 938 tantum
301 899 352 936 ut·
388 892 557 935 doceret
588 892 622 935 is
658 905 707 935 ae
739 891 1027 949 profiteretur,
1061 891 1135 934 sed
1165 899 1208 934 ut

106 969 289 1022 veniret,
336 1001 363 1021 „
382 976 427 1012 ut
457 969 636 1012 nominis
662 969 724 1012 sui
744 968 945 1011 honorem
974 968 1208 1012 academiae

106 1079 135 1100 „
164 1046 416 1105 impertiret,
438 1045 605 1103 scriptis
620 1045 791 1089 eandem
807 1045 1055 1095 illustraret,
1080 1059 1209 1103 prae-

86 1127 133 1175 '„
167 1123 298 1167 sentia
331 1123 682 1166 condecoraret.”
744 1122 805 1165 Ea
834 1123 921 1179 lege
943 1122 1112 1165 Leidam
1137 1139 1211 1166 ve-

107 1200 167 1243 nit
212 1199 460 1243 Claudius
503 1199 818 1252 Salmasius;
869 1207 1038 1243 venerat
1090 1209 1208 1254 ante,

74 1297 77 1302 *
108 1275 254 1335 primis
276 1280 314 1319 et
344 1269 479 1319 adhuc
510 1277 692 1334 angustis
723 1276 1008 1334 temporibus,
1033 1277 1210 1322 Criticae

110 1352 212 1395 artis
241 1352 438 1395 fundator
461 1352 725 1411 Josephus
752 1352 1000 1411 Scaliger.
1048 1352 1213 1398 Scali-

94 1444 193 1487 ger
237 1436 278 1472 et
322 1428 605 1473 Salmasius
650 1437 804 1486 quanta
848 1431 1040 1473 nomina!
1101 1430 1213 1475 Sal-

108 1505 260 1550 masii
329 1513 519 1564 tempore
593 1505 811 1549 Franciam
887 1507 1214 1551 moderabantur

110 1582 386 1627 Richelius
426 1590 464 1626 et
501 1583 840 1635 Mazarinus,
884 1585 985 1628 artis
1020 1585 1212 1642 politicae

110 1667 150 1704 et
169 1659 447 1718 persuadendi
469 1659 704 1718 principes,
731 1675 849 1717 reges
871 1661 1036 1705 flectere
1061 1669 1100 1705 et
1121 1663 1214 1706 Eu·-

110 1750 259 1795 ropam
286 1750 453 1780 movere
478 1736 600 1780 soliti.
663 1738 719 1780 At
748 1736 983 1780 Claudio
1007 1738 1214 1782 Salma-

110 1813 194 1858 sio
211 1845 222 1866 ,
254 1814 416 1872 privato
442 1813 695 1857 homunculo
711 1846 722 1866 ,
749 1821 794 1857 ut
809 1815 906 1858 alibi
922 1831 1046 1872 quam
1063 1816 1214 1861 Leidae

112 1898 245 1944 esset,
272 1890 525 1949 persuadere
559 1896 645 1934 no'n
680 1898 899 1949 poterant:
936 1907 1022 1935 non
1059 1893 1212 1952 duplo,

111 1982 196 2012 non
222 1968 477 2018 honoribus,
507 1982 592 2011 non
617 1968 725 2024 regis
754 1968 884 2023 gratia
901 2000 912 2020 ,
934 1983 1018 2012 non
1040 1970 1215 2013 liberta-

112 2045 164 2089 tis
203 2045 308 2089 adeo
346 2044 656 2103 pollicitatione⁴
734 2044 904 2088 Sciebat
943 2046 1005 2088 vir
1043 2061 1214 2104 magnus

110 2118 316 2167 libertatis
340 2122 589 2166 domicilium
621 2137 709 2166 esse
742 2122 784 2164 in
819 2122 1003 2167 Batavia.
1066 2125 1119 2167 At
1149 2124 1216 2167 hic

113 2208 282 2245 vocatus
304 2184 454 2252 uenit,
493 2215 515 2243 a
562 2199 716 2243 nostris
754 2199 976 2244 liberaliter
1011 2199 1215 2245 invitatus,
