1487 2625
484 214 867 255 ·MED1cA.
1205 222 1254 258 ας

185 329 327 379 ,Neque
358 327 478 365 minus
515 328 586 365 huc
618 325 777 373 pertinet
805 322 1016 362 observatio
1044 319 1252 358 doctissimi

140 392 347 446 Gerard,
385 399 430 436 de
467 409 539 446 qua
566 408 678 444 supra
710 395 783 445 jam
824 393 1037 432 monuimus
1075 391 1138 439 (p.
1168 390 1250 437 16).

141 468 246 507 Talis
271 468 366 506 enim
395 477 471 506 erat
498 467 567 505 viri
596 466 695 503 iliius
730 464 922 509 conditio⁷
955 462 1073 509 qualis
1097 470 1144 498 ne
1169 471 1255 497 sus-

139 538 325 587 picionem
352 549 501 576 movere
522 547 649 585 posset
672 537 717 574 de
742 546 884 591 veneno
911 534 1075 582 ingesto.
1131 532 1256 581 Quin-

140 621 214 658 que
233 609 335 646 horis
358 619 446 646 vero
474 607 631 656 deipsis,
660 617 810 644 crurum
834 603 975 653 frigore
999 603 1146 650 intenso
1170 614 1255 640 cor-

137 679 344 729 ripiebatur
375 688 411 717 et
440 677 662 716 convulsive
689 677 750 713 illa
772 675 1078 719 retrahebantur,
1106 682 1252 724 morte?

137 748 228 798 post
239 748 424 787 vomitum
435 778 446 794 ,
460 755 651 785 momento
667 745 778 784 citius
794 755 943 793 aegrum
959 741 1152 781 auferente
1163 741 1250 793 (ι).

187 819 269 857 Hae
292 817 569 856 observationes
597 816 757 856 dilucide
784 815 953 863 equidem
977 813 1136 862 probare
1163 813 1254 851 inihi

136 887 310 928 videntur
325 913 339 933 a
365 897 615 937 symptomata
641 898 725 935 prae
745 886 826 924 aliis
845 883 1075 934 diagnostica
1090 883 1257 931 aliquan·

136 959 185 998 do
204 958 382 1006 deficere,
412 959 581 1008 quamvis
611 968 740 1005 magna
766 955 898 995 veneni
926 955 1113 1002 quantitas
1141 952 1257 991 fuerit

133 1032 267 1070 hausta
304 1040 417 1077 atque
452 1029 491 1066 in
525 1028 733 1067 ventriculo
766 1034 857 1075 post
893 1035 1050 1062 mortem
1079 1034 1253 1072 reperta;

133 1110 256 1147 neque
278 1099 403 1147 itaque
431 1099 768 1147 phaenomenorum
795 1094 1120 1145 pathologicorum
1135 1105 1252 1141 expo-

133 1170 307 1208 sitionem
334 1169 501 1208 sufficere
523 1169 567 1208 ad
594 1167 852 1217 probandum,
878 1164 1099 1203 veneficium
1125 1175 1251 1201 revera

133 1240 253 1280 fuisse
278 1241 505 1280 institutum.
537 1278 544 1285 ,

640 1425 675 1472 §-
706 1426 745 1462 6a

183 1611 398 1652 Retulim'us
434 1618 620 1660 praeterea
656 1609 702 1647 ad
735 1609 827 1646 hanc
860 1608 1043 1653 ciassem‚
1070 1617 1165 1655 quae
1191 1617 1253 1644 ve-

130 1683 255 1724 neficii
279 1682 400 1721 nostri
422 1679 663 1729 complicati,
700 1687 741 1716 ut
768 1678 904 1716 dicitur
921 1705 934 1724 ‚
960 1685 1163 1715 occurrunt
1189 1687 1252 1713 ex-

131 1756 266 1803 empla.
329 1753 450 1791 Valde
484 1750 582 1788 enirn
621 1748 731 1786 unius
773 1747 1003 1784 substantiae
1040 1736 1250 1791 actionem,

128 1824 223 1863 aiius
259 1822 446 1860 additione
480 1819 615 1857 mutari
650 1829 786 1866 posse,
815 1828 861 1854 ex
897 1815 1251 1854 medicamentorum

128 1894 298 1934 doctrina
323 1892 414 1930 satis
437 1900 627 1938 superque
647 1896 826 1934 constat,
850 1895 962 1934 atque
986 1884 1160 1923 Arsenici
1186 1895 1249 1922 ex-

129 1967 291 2013 emplum
321 1961 478 2000 ulterius
501 1959 711 1998 confirmat.
767 1958 827 1996 Sic
855 1956 1010 2005 spiritus
1032 1955 1110 1993 vini
1131 1955 1249 1993 facul-

127 2044 201 2073 tate
222 2033 355 2083 gaudet
379 2042 516 2069 nervos
537 2027 767 2066 obtundendi
795 2027 919 2075 iisque
943 2025 1117 2064 narcosin
1138 2025 1248 2063 indu-

126 2104 259 2149 cendi,
285 2103 318 2141 si
346 2101 434 2140 satis
458 2110 588 2148 magna
617 2098 763 2145 ingesta.
785 2096 900 2134 fuerit
926 2095 1138 2143 quantitas3
1169 2106 1247 2143 quo

127 2175 199 2231 fit2-
218 2183 260 2212 ut
280 2179 531 2222 symptomata
560 2167 776 2207 irritationis
801 2176 905 2205 antea
927 2174 1127 2204 memorata
1143 2165 1249 2215 peni-

1184 2244 1246 2273 tus

170 2327 217 2368 (ι)
243 2326 329 2358 Ibid.
356 2336 387 2365 p,
413 2323 484 2365 389.
