1487 2625
356 230 947 270 THEOLOGICA.
1158 232 1208 280 69

99 336 202 381 Deos
237 339 412 377 censebat
446 340 568 377 omnia
595 339 763 378 ordinare
789 349 826 379 et
855 351 993 388 regere.
1015 339 1019 343 '
1046 339 1207 378 Primum

99 409 247 458 quidem
273 409 337 447 Dii
362 409 577 447 hominibus
606 411 768 448 tulerunt
801 412 924 458 leges,
962 410 1007 447 ab
1034 397 1207 449 omnib'us

98 479 272 527 gentibus
299 479 560 517 observandas.
615 477 760 517 Deinde
791 491 879 526 eos,
907 480 984 526 vqui
1013 479 1078 517 has
1106 480 1206 528 leges

95 548 266 596 violant,
295 559 421 586 severe
458 549 642 596 puniunt:
692 559 774 586 nam
814 548 1208 597 quicumque‘contra

95 616 176 655 illas
200 617 306 667 agit,
346 618 474 656 incidit
499 619 536 655 in
563 629 715 667 poenam
745 619 906 657 divinam
941 617 1204 657 inevitabilem.

94 687 268 735 Denique
288 687 466 726 beneficia
488 688 531 726 iis
555 697 694 726 tantum
720 687 898 736 praebent
915 716 928 736 ,
956 687 1020 735 qui
1043 689 1143 735 leges
1163 688 1208 725 il·

94 759 146 796 las
173 759 373 796 observant
402 759 487 810 (1).

118 825 120 829 ’
148 821 450 861 Omniscientia:
479 822 588 860 nihil*
607 823 708 860 Deos
744 822 860 869 latet;
900 823 1024 860 sciunt
1048 830 1085 859 et
1111 832 1206 870 quae

94 889 251 930 dicimus
295 901 331 929 et
379 903 471 939 quae
519 891 662 938 agimus
703 898 739 928 et
780 901 874 938 quae
908 891 1030 928 animo
1065 890 1206 939 cogita-

93 971 179 999 mus
196 961 280 1010 (2).
336 961 398 999 Sic
420 963 520 1011 juste
540 961 662 998 omnia
687 971 811 1009 regere
836 959 1030 1008 possunt,
1064 968 1100 997 et
1127 960 1206 997 sin-

94 1030 192 1078 gulis
215 1042 285 1079 pro
309 1031 441 1069 merito
466 1030 692 1069 retribuere:
721 1041 803 1068 nam
827 1041 868 1067 ea
891 1030 997 1067 etiam
1013 1058 1026 1076 ,
1052 1041 1144 1077 quae
1168 1029 1206 1068 in

94 1099 243 1137 deserto
280 1109 563 1148 perpetramus,
601 1099 646 1137 ab
676 1100 867 1137 hominum
897 1099 1017 1137 oculis
1043 1099 1206 1146 remoti,

98 1169 161 1208 Dii
199 1169 323 1207 sciunt
359 1169 446 1218 (3).
515 1169 664 1207 Etenim
704 1179 818 1215 quum
853 1168 986 1204 oculus
1024 1168 1206 1205 humanus

92 1239 218 1289 possit
250 1239 373 1277 'multa
405 1238 519 1276 stadia
557 1237 805 1286 prospicere,
846 1234 1002 1274 'oculum
1039 1236 1206 1274 divinum

94 1310 140 1347 ad
173 1308 300 1346 'omnia
333 1309 540 1357 pertingere
572 1306 856 1344 existimandum
899 1315 954 1343 est
995 1305 1083 1355 (4).
1133 1305 1206 1342 Fu-

96 1387 178 1416 tura
213 1377 319 1416 etiam
358 1386 523 1421 norunt,
561 1387 642 1414 nam
687 1387 727 1413 ea
770 1375 987 1414 hominibus
1025 1385 1208 1423 praenun-

97 1447 207 1485 tiant:
259 1447 385 1496 Quum
421 1455 458 1484 et
495 1446 586 1494 quid
618 1444 785 1483 futurum
820 1445 868 1483 sit
895 1446 1041 1491 sciant,
1067 1453 1104 1482 et
1127 1456 1207 1482 om-

98 1517 199 1556 nium
224 1528 344 1555 rerum
371 1517 444 1555 vim
478 1515 895 1565 optimeperspiciant,
940 1514 1205 1561 melius'quam

97 1587 268 1624 homines
296 1587 393 1635 ipsi,
422 1586 572 1633 sciunt,
612 1586 703 1634 quid
736 1584 951 1622 horninibus
992 1585 1204 1622 conducat:

100 1658 197 1695 unde
238 1657 454 1705 simpiiciter
498 1655 635 1703 precari
676 1655 910 1693 Socrates
947 1654 1127 1705 jubebat,
1166 1661 1208 1690 ut

101 1727 238 1774 nobis,
263 1736 357 1774 quae
381 1725 478 1763 bona
506 1733 620 1770 sunt,
650 1723 846 1771 praebeant
874 1724 959 1773 (5).
1016 1726 1018 1728 '

153 1797 456 1847 omnipotentia:
490 1795 556 1832 hac
590 1793 687 1831 enirn
720 1805 818 1842 opus
853 1804 910 1832 est
949 1793 1009 1839 ei,
1047 1792 1111 1840 qui
1150 1801 1209 1829 res

100 1866 262 1904 infinitas
325 1875 480 1902 numero
545 1874 581 1901 et
640 1865 889 1911 magnitudine
936 1862 1124 1909 disposuit
1172 1868 1210 1898 et

103 1936 224 1984 regit,
274 1935 529 1982 mundumque
574 1942 770 1971 conservat
827 1931 1034 1971 detrimenti
1080 1941 1209 1978 exper-

1119 2008 1208 2041 tem.

145 2074 192 2114 (1)
215 2075 314 2103 Mem.
334 2071 397 2103 IV.
423 2071 454 2103 4.
481 2074 512 2112 §-
530 2081 580 2112 19.
601 2082 675 2111 sqq.

144 2128 194 2167 (2)
218 2126 270 2156 Cf.
290 2128 388 2156 Mem.
410 2126 438 2156 I.
459 2136 487 2155 c.
509 2135 538 2156 ι.
586 2146 593 2151 -
615 2133 665 2165 19.

139 2180 193 2222 (ὅ)
216 2179 268 2209 Cf.
289 2181 387 2210 Mem.
410 2178 438 2209 1.
460 2189 487 2208 c.
508 2177 539 2208 4.
564 2181 594 2218 §.
619 2187 669 2218 19.

148 2233 196 2272 (4)
220 2233 272 2263 cf.
293 2234 391 2263 Mem.
414 2232 442 2262 1.
464 2241 492 2261 c.
514 2232 545 2261 4.
568 2232 595 2267 §.
618 2241 668 2270 ¹7·

149 2286 197 2325 (5)
221 2286 272 2316 Cf.
297 2288 395 2316 Mem.
422 2285 450 2315 Ι.
474 2296 501 2315 c.
524 2285 542 2314 5
576 2287 607 2324 §5-
632 2296 661 2316 2.

985 2102 1015 2191 ‘'oy-¹4-
