1487 2625
390 234 978 274 THEOLOGICA.
1163 248 1233 284 105

131 357 225 396 quae
247 345 382 393 colitur
398 372 411 392 ,
439 353 481 384 ut
508 344 600 394 Legi
624 343 734 382 alicui
757 343 930 383 satisfiat:
959 343 1084 391 legalis
1108 353 1231 383 autern

133 417 254 457 vir-tus
290 426 433 463 semper
462 416 679 466 imperfecta
714 422 792 461 est,
818 425 902 453 cum
928 413 1001 462 ipsi
1024 424 1101 452 non
1125 415 1230 453 Deus

136 497 277 528 summe
299 484 512 534 perfectus,
540 495 728 532 nunquam
751 483 1013 532 attingendus,
1040 493 1082 522 ut
1106 495 1234 523 norma

135 564 393 606 proponatur,
431 555 495 593 sed
526 555 590 593 lex
620 546 768 603 aliqua,
803 565 896 602 quae
925 553 1057 602 attingi
1080 563 1234 604 potest;

135 628 354 676 plerumque
375 624 482 663 etiam
505 625 652 672 civilis,
680 624 764 672 quia
790 625 847 663 lex
873 624 943 663 ista
973 625 1069 663 solet
1090 624 1236 664 civilem

137 695 270 734 habere
305 694 506 742 rationem3
534 714 587 723 -—
626 695 728 742 quod
758 694 796 732 in
821 695 1016 734 Socrate
1042 695 1239 743 obtinere,

131 767 204 816 iam
231 766 270 804 in
294 765 459 804 Introitu
485 764 662 803 vidimus.

186 836 278 874 Non
293 847 389 884 opus
407 847 494 874 sane
506 837 573 874 erit
586 864 598 883 ‚
616 834 739 874 multis
754 846 938 884 exponere
951 863 965 883 ‚
987 845 1127 884 quanto
1139 848 1242 885 prae-

140 905 296 943 stantior
320 906 369 943 sit
393 907 450 943 vis
467 918 531 955 ea,
576 918 682 954 quam
706 905 744 943 in
773 905 884 944 vitam
907 906 1098 944 hominum
1123 918 1242 945 mora-

140 981 209 1018 lem
225 988 387 1018 exerceat
408 979 490 1018 talis
511 980 581 1019 Dei
605 980 733 1027 notio,
765 992 836 1028 qua
859 980 1014 1019 habetur
1031 979 1072 1018 τὸ
1084 977 1240 1025 αγαιθόν,

139 1060 211 1096 qua
234 1049 397 1096 colitur,
432 1058 473 1086 ut
502 1049 566 1097 qui
590 1061 666 1088 non
686 1050 808 1098 possit
828 1062 961 1088 nocere
977 1078 990 1098 ,
1027 1051 1091 1098 qui
1113 1060 1243 1088 natura

143 1130 211 1156 sua
240 1120 285 1157 ad
313 1118 612 1158 benefaciendum
642 1121 811 1160 ducatur.
865 1120 994 1159 Talem
1018 1123 1138 1160 Deum
1166 1131 1242 1159 non

140 1199 342 1236 possumus
378 1199 454 1226 non
492 1200 636 1236 amare3
676 1190 730 1226 sic
770 1190 864 1227 enim
905 1190 948 1228 fit
982 1191 1101 1238 illud,
1140 1193 1242 1239 quod
1285 1207 1286 1211 ¹

137 1262 337 1311 antiquitas
371 1262 538 1301 dicebat:
578 1260 658 1308 ἔρως
674 1261 854 1308 ἀντέρωτα
868 1262 1007 1312 ‘sturm
1044 1265 1116 1304 Dei
1140 1277 1244 1303 amor

139 1344 210 1370 nos
248 1332 372 1381 cogit,
413 1341 455 1371 ut
495 1333 617 1380 ipsum
650 1334 892 1372 redamemus.
958 1335 1080 1384 Quem
1121 1343 1241 1373 autem

139 1413 223 1440 cum
260 1414 450 1449 amemus,
490 1401 524 1440 ei
559 1413 634 1439 non
671 1413 872 1450 possumus
891 1414 978 1441 1non
1001 1404 1138 1442 similes
1162 1416 1245 1443 esse

139 1473 260 1519 velle3
312 1472 398 1509 hinc
435 1482 511 1509 non
549 1472 768 1519 studemus,
815 1481 858 1509 ut
903 1473 1048 1521 legibus
1099 1474 1245 1513 satisfa-

138 1540 303 1589 ciamus'‚
342 1543 407 1580 sed
444 1550 513 1588 ut,
548 1550 725 1589 quantum
763 1542 903 1579 homini
935 1543 1065 1590 liceat,
1107 1543 1244 1582 similes

141 1618 224 1658 Deo
251 1616 395 1654 fiamus.
450 1616 509 1653 Sic
536 1615 656 1652 oritur
682 1615 744 1653 illa
769 1613 926 1660 ὁμοίωσις
948 1614 996 1662 τῷ
1017 1615 1103 1662 θεῷ,
1132 1630 1240 1667 quam

139 1688 275 1726 Plato
311 1695 382 1723 tam
421 1684 610 1734 magnifice
649 1685 874 1733 celebravit,
925 1695 961 1724 et
1002 1686 1120 1736 virtus
1157 1701 1244 1728 vere

138 1757 334 1806 religiosa,
385 1768 492 1803 quam
540 1756 674 1794 Plato
726 1755 862 1803 aliique
906 1756 1121 1806 philosophi
1166 1759 1241 1808 J‘am

139 1827 368 1875 spectabant.
397 1826 497 1867 Haec
523 1837 644 1872 neque
666 1825 808 1873 impura
832 1827 989 1874 amplius
1013 1836 1092 1875 est,
1122 1841 1238 1876 quum

139 1897 190 1934 ob
217 1907 361 1934 causam
385 1895 587 1941 internam,
618 1895 666 1931 ob
693 1907 851 1933 amorem
868 1925 880 1944 ,
908 1899 1076 1945 colatur3
1117 1910 1238 1945 neque

139 1966 259 2004 civilis
275 1993 287 2013 ,
318 1977 430 2012 quum
457 1976 531 2001 non
562 1965 719 2002 civitatis
744 1967 842 2013 leges
860 1995 872 2013 ,
911 1967 976 2004 sed
999 1967 1068 2005 Dei
1095 1968 1237 2016 perfec-

138 2035 190 2073 tio
218 2035 250 2073 ei
286 2043 516 2083 proponatur
557 2045 683 2071 norma
711 2033 793 2081 (1).

1165 2091 1239 2129 Re-

178 2155 225 2195 (ι)
261 2154 346 2183 Haec
384 2153 534 2194 ὁμοίωσις
569 2163 633 2182 non
678 2155 760 2183 inest
797 2154 831 2183 in
881 2153 1074 2186 Socratis
1120 2158 1207 2188 dicto
1222 2181 1231 2196 ‚

134 2210 269 2238 Memor.
295 2207 323 2236 Ι.
348 2217 376 2238 c.
399 2207 429 2236 6.
445 2209 477 2247 35.
493 2217 561 2243 10.,
586 2206 640 2235 ubi
662 2211 710 2236 cst
733 2211 855 2237 tantum
879 2208 1054 2238 similitudo
1074 2217 1212 2241 externa
1226 2233 1236 2250 ‚

134 2261 168 2289 iu
202 2260 337 2290 amictus
369 2263 400 2288 et
430 2260 536 2289 victus
568 2260 722 2289 tenuitate
746 2261 872 2299 posita,
910 2271 974 2291 non
998 2263 1099 2301 ipsius
1122 2266 1237 2295 mentis

135 2314 293 2354 animique
320 2313 506 2344 similitudo.
551 2313 717 2344 Praeterea
748 2315 809 2344 tale
842 2315 919 2355 quid
953 2323 1107 2357 repugnat
1139 2320 1238 2349 totius

1157 2373 1236 2404 doc-
