1487 2625
533 170 957 232 Mimnermi
1214 189 1264 227 93

150 286 332 335 drogenio
369 284 463 325 acidi
495 285 829 335 hydrosulphurici
862 285 1057 335 Oxygenio
1091 284 1266 325 Arsenici

151 355 325 403 sociato,
376 364 489 404 atqne
531 368 576 394 ex
623 356 810 405 Sulphure
848 366 920 394 una
955 367 1041 394 cum
1079 355 1267 395 Arsenico

147 424 419 474 Sulphuretum
454 425 724 464 constituente.
792 426 892 465 Cum
934 434 1062 464 autem·
1101 425 1268 474 Sulphu-

149 503 269 533 retum
297 495 390 534 illud
420 495 522 534 lente
553 495 651 534 vasis
684 494 841 533 fundum
867 503 992 543 petere
1027 495 1172 543 soleat,
1221 495 1267 534 li-

155 576 254 612 quor
277 576 344 614 per
368 565 514 614 aliquot
534 573 681 613 tempus
710 564 827 613 quieti
851 573 909 603 est
935 565 1158 613 tradendus,
1179 564 1268 615 quia

150 633 267 682 alias,
306 634 509 674 filtratione
548 634 659 673 nimis
695 634 864 673 celeriter
896 634 1091 683 instituta,
1140 636 1266 685 ipsum

146 702 243 742 illud
279 716 417 754 corpus
445 713 667 744 venenatum
705 716 771 753 per
801 705 965 743 chartam
1002 704 1115 744 facile
1147 714 1268 744 trans-

145 774 218 812 iret
256 775 413 824 ejusque
443 775 589 824 copiam
625 775 797 814 redderet
830 774 1025 814 minorem.
1080 775 1197 826 Quod
1222 783 1268 813 ut

142 844 396 894 impediatur,
444 846 607 884 chartam
647 853 732 883 ante
778 844 1018 883 filtrationem
1053 844 1265 885 institutam

145 924 266 963 aquae
306 926 379 964 ope
409 915 621 954 humectare
652 914 845 954 convenit.

201 985 487 1035 Hydrogenium
512 986 605 1024 illud
636 986 896 1034 sulphuratum
935 984 1031 1024 inter
1058 984 1268 1024 efficacissi-

146 1065 208 1092 ma
245 1056 361 1104 oxydi
409 1055 581 1094 Arsenici
628 1055 811 1105 reagentia
856 1055 1032 1094 collocari
1075 1065 1266 1104 meretur,

146 1133 225 1163 tum
265 1133 420 1174 propter
458 1137 638 1163 summam
677 1125 778 1163 illius
827 1125 1139 1175 sensibilitatem,
1193 1138 1268 1175 qua

145 1193 333 1232 minimam
365 1194 536 1233 Arsenici
574 1195 788 1244 particulam
820 1196 982 1235 indicare
1015 1198 1144 1244 valet,
1183 1205 1266 1236 tum

146 1271 303 1312 propter
328 1262 472 1302 facilem
506 1264 738 1314 praecipitati
770 1266 816 1304 ab
852 1266 934 1305 aliis
971 1267 1182 1317 diagnosin.

196 1333 333 1383 Quoad
360 1334 514 1383 primam
538 1336 762 1374 monendum
798 1345 879 1384 est,
917 1337 939 1386 J
953 1340 974 1376 'al
985 1349 1159 1386 gerum
1191 1338 1265 1377 Ar-

146 1404 262 1442 scnici
296 1407 362 1455 335
395 1404 497 1453 grani
535 1405 572 1443 in
603 1407 763 1453 60‚000
797 1417 915 1455 aquae
952 1406 1123 1456 partibus
1161 1408 1268 1445 solu-

145 1482 242 1521 tam,
270 1485 344 1523 ope
376 1475 534 1523 liquoris
571 1475 779 1524 probatorii
813 1476 1180 1515 Hahnemanni
1203 1477 1269 1515 de-

145 1543 298 1593 tegisse.
358 1545 428 1597 Per
467 1546 695 1584 solutionem
733 1557 823 1585 vero
857 1546 984 1596 gazis,
1025 1558 1071 1584 ex
1105 1547 1268 1597 sulphu-

146 1623 226 1652 reto
263 1614 366 1653 Ferri
402 1624 439 1653 et
481 1615 587 1653 acido
626 1615 1056 1665 muriaticoextricati,
1099 1618 1265 1658 colorem

146 1684 282 1723 flavum
308 1693 432 1730 ortum
450 1684 545 1723 vidit
566 1687 652 1735 15³ae
670 1686 773 1734 grani
799 1686 838 1725 in
868 1686 1012 1726 ratione
1039 1699 1057 1727 1
1076 1700 1087 1738 ς
1104 1699 1265 1737 5ο,οοο

147 1754 299 1800 soluta,
341 1754 415 1792 imo
446 1755 564 1793 veluti
604 1768 758 1803 1:100,
777 1769 878 1805 000,
905 1769 979 1805 qua
1018 1766 1140 1798 tamen
1173 1760 1265 1799 rela-

148 1823 252 1862 tione
289 1824 556 1873 Sulphuretum
584 1837 761 1875 praeceps
781 1833 860 1866 non
891 1827 1051 1877 amplius
1076 1828 1152 1867 ibat
1177 1831 1266 1881 (1).

149 1894 376 1942 Congruunt
413 1895 502 1932 haec
541 1906 625 1933 cum
674 1896 883 1935 observatis
925 1897 1145 1948 Pfaffii‚
1197 1901 1265 1949 qui

147 1974 256 2002 unam
286 1963 460 2002 Arsenici
496 1974 636 2012 partem
673 1965 714 2004 in
762 1969 927 2015 60,000
969 1980 1113 2018 aquae,
1160 1972 1265 2020 gazis

148 2044 222 2084 ope
253 2033 417 2083 detegit,
449 2034 619 2083 quamvis
651 2035 743 2074 illud
775 2037 815 2076 in
848 2040 1012 2087 46‚584
1031 2050 1149 2088 aquae
1186 2051 1268 2081 tan·

1184 2122 1262 2152 tum

193 2245 245 2284 (ι)
267 2244 475 2284 oehieri,
499 2245 523 2276 1.
545 2254 575 2276 e.
595 2256 628 2285 p.
651 2245 725 2279 50¹.
