1487 2625
247 171 302 214 54
484 167 621 213 ADR.
657 166 825 212 CATH.
853 164 1113 211 HOLTIUS

311 306 467 364 Aperta
489 302 844 346 schedulanomen
859 301 1069 346 inventum
1091 305 1179 345 est:

260 398 546 445 Francisci
583 397 826 442 Arnoldi
865 395 1147 440 Johannis
1177 393 1370 447 Pabst,

465 476 643 506 Medicinae
665 475 698 503 in
722 475 780 504 hac
805 473 976 503 Academia
990 473 1147 509 studiosi,

261 556 332 612 qui
365 570 409 599 se
424 561 648 609 ‚auctorem
677 567 766 597 esse
787 551 908 610 hujus
929 549 1214 610 responsionis
1234 547 1372 593 facul-

262 633 367 684 tati,
397 631 584 676 examine
608 630 798 675 instituto
829 628 995 673 abunde
1020 625 1231 686 probavit.

323 708 400 752 Cui
421 715 597 768 propter
618 706 894 753 valetudinem
914 704 1146 766 praemium
1163 700 1374 763 praesenti

266 785 461 845 praeberi
484 799 570 829 non
600 783 751 844 potuit.

746 943 901 952 ⁴n—----=-·--

379 1035 621 1080 JUDICIUM
655 1036 863 1081 Onmms
890 1037 1274 1081 THEOLOGORUM.

336 1151 458 1196 Ordo
487 1151 801 1211 Theologorum
826 1159 1006 1210 quatuor
1021 1152 1185 1211 accepit
1206 1151 1387 1209 Disqui-

205 1283 207 1287 .
278 1228 447 1273 sitiones
474 1229 528 1272 ad
557 1230 821 1289 propositam
849 1230 1056 1288 superiori
1084 1244 1196 1273 anno
1220 1230 1389 1287 Quaes-

206 1338 209 1346 Ι
278 1307 432 1349 tionem
447 1322 456 1347 :

339 1414 367 1434 ‚,
398 1381 428 1426 S
444 1396 469 1425 0
484 1397 506 1425 c
520 1399 542 1426 ι’
557 1398 580 1425 a
597 1384 670 1427 tis
700 1387 756 1426 de
790 1385 925 1427 rebus
960 1386 1129 1428 divinis
1153 1387 1390 1437 doctrina,

284 1491 311 1512 ‚,
340 1476 477 1517 quam
511 1462 572 1503 M
572 1463 893 1504 emorabilibus
926 1463 1174 1504 Socraticis
1208 1464 1392 1518 consig-

286 1567 313 1589 ‚,
344 1540 470 1579 navit
509 1536 545 1580 X
559 1552 578 1581 e
591 1552 618 1580 n
634 1552 659 1581 ο
671 1552 699 1596 p
712 1537 741 1581 h
754 1552 780 1581 ο
793 1553 820 1581 n
856 1547 1072 1581 accurate
1110 1548 1366 1595 exponatur
1379 1570 1392 1592 ‚

213 1639 215 1643 <
286 1643 313 1666 ‚‚
344 1615 558 1670 illiusque
589 1632 689 1657 cum
703 1619 1000 1671 praestantia
1024 1620 1266 1671 laudetur,
1296 1625 1394 1660 tam

287 1720 315 1743 ,‚
346 1691 549 1747 defectas
581 1697 868 1735 7zotentur:”

289 1781 465 1823 quarum
487 1767 597 1810 nulla
622 1775 684 1811 est
701 1784 775 1812 sua
800 1770 921 1814 laude
945 1771 1246 1816 defraudanda.
1295 1770 1398 1816 Sin-

290 1843 408 1902 gulae
447 1844 556 1887 enim
594 1844 821 1890 industriae
856 1854 895 1891 et
925 1862 1222 1906 progressuum
1257 1847 1400 1908 speci-

292 1921 404 1963 mina
437 1921 637 1979 produnt.

351 1997 518 2042 Primae
544 1998 733 2055 quidem,
764 1999 982 2057 insignitae
1006 2001 1166 2046 verbis:

227 2123 230 2130 ¹
297 2077 316 2120 ὁ
346 2082 447 2123 Θεος
479 2094 518 2120 κ.
549 2093 591 2121 τ.
622 2083 664 2121 λ.
755 2076 1067 2134 Disquisitionis
1102 2085 1248 2123 auctor
1279 2095 1405 2139 mag-

228 2137 232 2144 ’
298 2169 395 2198 nam
435 2153 624 2197 adhibuit
663 2153 908 2199 industriam
946 2162 985 2200 et
1025 2155 1309 2211 sedulitatem,
1359 2157 1403 2201 in

301 2229 459 2275 cunctis
495 2230 777 2289 exponendis,
821 2246 926 2289 quae
961 2232 1014 2277 ad
1048 2233 1206 2279 hancce
1236 2247 1404 2279 causam
