1487 2625
206 202 262 245 20
305 232 307 238 ·
448 200 584 244 ADR,
619 200 782 244 (JATH.
816 198 1074 244 HOLTIUS

212 338 396 388 bertam,
453 337 559 378 velut
603 335 796 387 cardine,
857 342 942 378 tota
982 335 1149 379 vertitur
1189 349 1316 391 quam

213 414 460 458 instituimus
495 412 734 470 disputatio,
796 410 925 454 Sinite
962 425 1027 454 me
1060 409 1185 468 igitur
1214 410 1323 453 hane

215 491 358 550 paucis
401 490 625 533 absolvere.
700 488 775 531 Est
829 501 928 531 sane
978 502 1128 544 magna
1175 486 1234 530 vis
1279 486 1323 528 in

213 582 313 611 voce
360 574 398 610 et
448 567 634 609 oratione
661 598 671 617 ,
737 578 1012 622 magnumque
1060 563 1166 613 illius
1222 562 1322 620 legis

218 644 439 695 naturalis,
473 658 578 700 quae
611 643 694 686 vult
722 641 929 685 hominem
963 640 1017 682 ab
1052 639 1219 683 homine
1248 654 1324 682 ex-

220 722 320 774 coli,
351 715 657 765 adminiculum.
718 720 870 762 Verum
906 717 948 760 in
985 716 1223 761 academica
1253 716 1323 759 in-

219 799 429 842 stitutione
453 798 655 854 quaedam
683 804 777 840 sunt
801 795 1048 854 peculiaria,
1078 794 1219 850 utique
1242 808 1326 836 no-

218 878 367 928 tanda,
397 884 442 918 ut
478 875 570 930 quis
603 874 688 930 ejus
722 880 912 916 naturam
947 886 996 915 ac
1033 872 1113 915 vim
1156 870 1327 929 perspi-

221 954 314 998 ciat.
386 952 552 997 Scilicet
588 951 814 996 academici
849 950 1035 994 doctoris
1073 948 1323 993 auditorium

219 1045 352 1088 neque
382 1030 641 1088 repentinum
675 1035 763 1081 est,
794 1044 927 1085 neque
955 1028 1191 1087 promiscua
1217 1027 1325 1070 mul-

222 1108 395 1152 titudine
437 1108 673 1151 conflatum.
762 1107 837 1150 Est
882 1107 1103 1150 lectissima
1133 1105 1324 1163 juvenum

222 1201 402 1238 corona,
447 1192 600 1236 aetate,
642 1184 852 1236 moribus,
897 1184 1110 1236 doctrina,
1154 1182 1325 1226 consilio

224 1278 357 1324 prope
398 1261 652 1319 aequalium,
712 1261 782 1317 qni
819 1268 1021 1320 perpetuo
1061 1260 1213 1305 erudiri
1250 1274 1326 1304 cu-

222 1341 366 1399 vpiant,
399 1339 451 1382 ad
497 1338 539 1381 id
592 1339 672 1394 jam
728 1337 969 1381 educatione
1016 1351 1064 1382 ac
1107 1329 1324 1395 disciplina

225 1418 458 1462 scholarum
493 1415 744 1474 praeparati.
806 1413 1030 1459 Scientiam
1060 1415 1227 1471 quidem
1254 1429 1325 1458 re-

224 1509 313 1538 rum
345 1507 450 1548 quae
483 1492 703 1535 traduntur
735 1492 887 1535 nullam
926 1490 1130 1543 afferunt,
1161 1506 1324 1544 verum,

225 1569 306 1628 qua
331 1577 423 1614 sunt
442 1567 673 1612 felicissima
692 1568 796 1612 vitae
815 1576 945 1612 aetate
961 1602 970 1619 ‚
1002 1576 1179 1613 mentem
1199 1583 1326 1627 aper-

223 1655 336 1700 tam,
366 1645 607 1689 memoriam
632 1646 815 1689 nondum
838 1645 1059 1699 aflectum,
1088 1646 1327 1690 animisen—

192 1740 293 1768 ·sus
331 1723 626 1773 vividissimos‚
669 1722 907 1779 sciendique
947 1723 1326 1782 appetentissimam

225 1800 504 1859 cupiditatem.
591 1798 680 1841 Hac
723 1799 1005 1856 oportunitate
1037 1799 1233 1858 singulari
1290 1799 1324 1843 si

224 1877 311 1927 ille,
343 1883 387 1919 ut
416 1890 495 1934 par
526 1881 612 1926 est,
643 1874 795 1927 utitur,
828 1876 861 1919 si
901 1864 1093 1920 movendi
1131 1876 1209 1920 vim
1246 1876 1327 1919 ad-

228 1953 342 1996 hibet
374 1951 676 2002 incredibilem,
720 1967 825 2008 quae
860 1960 920 1996 est
945 1953 988 1996 in
1017 1953 1129 1997 vocis
1160 1953 1324 2006 auditu,

228 2038 266 2073 et
306 2030 345 2071 in
387 2036 553 2087 aspectu
590 2029 722 2071 vultus
757 2037 795 2072 et
834 2031 1070 2074 oculorum:
1130 2030 1195 2074 vix
1237 2031 1325 2074 fieri

225 2114 362 2165 potest
392 2105 489 2162 quin
521 2105 561 2147 id
596 2114 838 2161 assequatur
865 2107 977 2164 quod
1000 2107 1042 2150 in
1074 2106 1325 2169 institutione

228 2191 527 2231 estsummum‚
558 2189 602 2224 ut
624 2182 850 2227 excitentur
871 2185 1063 2242 juvenes,
1095 2198 1143 2228 ac
1177 2185 1259 2228 veri
1287 2192 1325 2227 et

224 2259 356 2317 pulcri
389 2272 529 2301 amore
564 2257 857 2304 incendantur.·
913 2258 1089 2306 Invicem
1124 2275 1215 2305 cum
1247 2261 1325 2305 ad-
