1487 2625
462 217 876 259 CHEMICA.
1177 225 1224 269 51

109 330 210 379 gitur
241 330 287 368 ad
315 328 557 367 substantiam
594 328 773 376 solidam,
811 328 1010 377 pinguem,
1037 328 1226 366 albescen-

108 409 206 447 tem,
244 400 331 438 dum
366 408 526 437 remanet
572 397 829 446 limpidissima
868 409 962 445 aqua
1005 397 1129 436 calcis.
1170 419 1223 430 —-

110 470 213 508 Haec
237 470 354 508 solida
381 468 587 508 substantia
621 469 659 506 in
689 467 791 506 filtro
827 467 1035 516 exsiccata,
1060 474 1226 506 mutatur

108 541 147 578 in
182 540 370 588 pulverem
408 540 547 578 coloris
585 539 754 586 rosacei,
798 539 834 576 in
872 550 967 587 aqua
1006 539 1219 578 solubilem.

110 610 218 648 Hanc
243 611 419 649 Creosoti
441 612 486 649 ad
508 610 642 649 calcem
668 608 877 648 affinitatem
900 609 1100 648 adhibitam
1127 609 1222 648 fuis—

108 692 148 718 se
166 708 179 728 ,
198 681 273 730 jam
308 692 419 728 supra
449 680 729 726 annotavimus,
758 679 824 718 ubi
853 680 899 718 de
933 680 1110 719 methodo
1134 680 1223 719 Cal*

112 749 244 787 derinii
277 751 434 798 egimus.

160 820 307 869 Hydras
344 820 520 869 barytae,
571 821 609 859 in
645 823 833 870 pulverem
862 822 1048 860 redactum
1066 849 1080 868 ‚
1131 830 1217 860 cum

109 892 297 930 Creosoto
329 891 486 929 debilem
524 891 594 929 init
622 891 946 941 conjunctionem,
1000 902 1095 939 quae
1126 902 1219 929 vero

108 961 225 1010 maj0r
259 960 327 1008 fit,
352 973 483 1009 aquam
523 961 694 999 miscelae
723 962 919 1009 addend03
960 962 1059 1000 unde
1096 960 1217 999 oritur

107 1029 234 1078 baryta
274 1030 481 1069 creosotica
533 1030 722 1070 albescens
766 1041 803 1070 et
847 1031 1057 1080 pellucida,
1104 1040 1218 1070 attac-

107 1096 148 1137 tu
175 1109 376 1147 saponacea
407 1107 442 1136 et
475 1099 513 1136 in
544 1111 641 1147 aqua
668 1101 857 1139 solubilis.

155 1169 201 1206 In
228 1168 426 1206 Ammonia
447 1169 588 1217 liquida
617 1171 845 1209 Creosotum
873 1170 1035 1209 solvitur
1056 1170 1216 1218 frigide,

107 1247 144 1276 et
179 1246 396 1285 separatur,
446 1239 501 1276 uti
539 1240 612 1288 Jam
645 1239 685 1277 in
719 1240 870 1289 parandi
907 1241 1086 1279 methodo
1121 1241 1217 1279 vidi-

107 1318 217 1354 mus,
244 1318 320 1344 non
352 1307 424 1344 nisi
462 1319 594 1357 magno
632 1310 771 1349 labore.
824 1311 925 1349 Haec
955 1311 1095 1350 solutio
1133 1324 1215 1351 eam

106 1377 367 1426 proprietatem
400 1377 530 1425 habet,
568 1387 611 1417 ut
643 1380 736 1418 aeris
776 1380 1085 1429 athmosphaerici
1117 1393 1215 1430 oxy-

106 1446 254 1496 genium
277 1446 500 1495 absorbeat,
528 1449 624 1486 unde
647 1449 803 1498 primum
829 1450 1111 1501 rubescentem,
1127 1454 1214 1493 dein

105 1517 258 1554 rubrum
289 1517 425 1565 accipit
455 1518 632 1556 colorem.

158 1587 307 1636 Hydras
355 1588 469 1636 oxydi
514 1589 620 1637 cupri
666 1590 827 1639 primum
869 1603 1001 1641 aquam
1045 1595 1215 1644 excutit,

107 1656 237 1695 deinde
273 1656 434 1696 solvitur
469 1658 638 1697 brunneo
673 1660 814 1700 colore.

601 1806 713 1855 §5-

316 1936 376 1974 De
400 1936 562 1975 Creosoci
587 1939 766 1976 relatione
791 1938 845 1976 ad
867 1938 1005 1978 Acida.

163 2077 390 2116 Creosotum
423 2087 506 2114 cum
541 2076 648 2115 acido
684 2077 901 2124 sulphurico
940 2078 1111 2116 officinali
1137 2078 1218 2117 sive

109 2147 295 2195 Anglico,
322 2148 382 2184 vel
418 2148 501 2184 oleo
528 2146 667 2185 vitrioli
693 2146 855 2185 fumante
888 2150 1044 2198 (1,850
1075 2148 1220 2187 ratione

115 2228 139 2255 r
167 2215 282 2264 partis
317 2216 410 2253 acidi
445 2218 489 2254 ad
518 2230 566 2255 20
589 2225 712 2265 partes
745 2217 943 2266 Creosoti)
972 2219 1152 2267 mixtum,
1182 2229 1218 2257 et

112 2281 189 2324 tum
225 2287 301 2324 cito
325 2295 637 2335 conquassatum,
665 2298 857 2326 rosaceum
880 2289 1040 2326 colorem
1064 2289 1214 2337 accipit.

625 2357 661 2395 D
689 2369 712 2395 2
1129 2359 1220 2397 Aci-
