1487 2625
1169 165 1240 206 xii}

115 261 203 307 ΤΗ.
221 261 276 309 G.
307 273 413 308 vAN
431 262 611 310 LIDTH
625 279 689 310 nn
702 265 893 313 JEUDE
907 300 921 324 ,
951 270 1018 317 die
1045 276 1230 332 saturni,

113 334 221 378 hora
242 334 276 378 Ι.

167 414 532 469 Mineralogiam
573 423 619 456 et
666 417 931 473 Geologiczm
987 419 1040 464 N.
1072 420 1120 466 C.
1158 436 1224 468 DE

110 480 420 537 FREMERY,
453 485 599 531 diebus
619 485 723 531 iovis
744 494 784 531 et
805 489 989 544 veneris,
1019 490 1127 537 hora
1147 493 1223 541 XI.

171 560 487 603 Oeconomiam
507 566 712 605 ruralem
729 563 762 607 Ι.
775 562 949 618 KOPS,
979 566 1126 614 diebus
1146 585 1223 616 ve-

105 629 218 675 neris
247 638 287 676 et
316 632 501 686 saturni,
531 633 637 677 hora
653 633 711 687 I.‚
741 635 804 679 vel
827 635 926 690 alia,
958 639 1220 687 auditoribus

104 701 239 759 magis
264 703 486 747 commoda
501 734 514 758 ‚
544 703 588 748 in
604 704 752 750 Museo
777 706 893 764 regio
915 707 1220 757 instrumento-

104 787 198 817 rum
226 773 440 818 ruralium.

153 871 445 927 Disputandi
470 875 898 928 exercitationibus,
932 875 999 920 die
1028 877 1213 931 saturni,

98 940 206 985 hora
235 942 281 995 I,
326 942 559 986 alternatim
599 946 825 1002 praeerunt
864 946 1131 993 Professores
1167 949 1213 994 in

97 1010 314 1057 Facultate
335 1013 574 1058 Matheseos
600 1022 639 1058 et
654 1015 953 1075 Philosophiae
977 1019 1214 1077 Naturalis,

96 1082 243 1142 singuli
272 1083 317 1128 in
345 1084 563 1144 partibus,
594 1085 675 1130 sibi
706 1086 985 1135 demandatis.

208 1281 257 1324 In
304 1282 658 1331 FACULTATE
697 1287 1092 1338 THEOLOGICA.

102 1465 105 1468 .
147 1426 571 1486 Encyclopaediam
607 1434 934 1489 theologicam,
989 1434 1096 1479 duce
1126 1434 1202 1480 cel.

90 1497 325 1544 Clarisse
356 1505 573 1557 epitome,
592 1502 774 1548 breviter
788 1512 968 1563 exponet
982 1505 1036 1550 H.
1051 1505 1202 1553 ΒΘΗ-ι

88 1569 236 1623 MAN,
270 1571 417 1617 diebus
441 1572 546 1618 iovis
573 1582 614 1618 et
639 1574 822 1629 veneris,
853 1576 960 1620 hora
973 1576 1048 1623 IX.

144 1649 418 1705 Theologiae
451 1656 684 1695 naturalis
704 1655 946 1697 historiam
975 1657 1201 1697 recentia«-

87 1734 185 1761 rem
206 1719 344 1764 tradet
360 1720 412 1766 H.
426 1722 675 1767 BOUMAN
690 1755 702 1777 ,
726 1723 872 1768 diebus
888 1725 1011 1768 lunae
1028 1732 1066 1769 et
1082 1740 1200 1769 mar-

84 1789 163 1843 tis,
195 1789 302 1834 hora
319 1792 371 1836 X.

140 1870 405 1911 Iiistoriam
451 1874 806 1914 ecclesiasticam
867 1871 1004 1916 tradet
1076 1872 1128 1918 H.
1161 1874 1194 1916 I.

85 1935 405 1983 ROYAARDS
418 1971 430 1992 ,
449 1941 628 1985 maxime
642 1947 758 1998 fata
774 1945 1014 1986 Societatis
1032 1945 1195 1986 Chris*

83 2010 235 2052 tianae
261 2024 312 2054 ac
333 2014 672 2067 Hierarchiae,
698 2022 794 2058 ante
812 2014 1195 2070 Reformationem,

81 2085 122 2122 et
138 2083 405 2125 Historiam
427 2087 693 2140 dogmatum
714 2101 737 2129 a
753 2086 958 2143 Gregorio
973 2087 1001 2130 I.
1035 2087 1089 2130 ad
1104 2088 1194 2131 Lua

78 2149 244 2195 therum
259 2168 390 2210 usque
403 2186 414 2208 ,
447 2155 593 2200 diebus
608 2157 728 2201 lunae
746 2165 785 2201 et
800 2149 942 2202 martis
955 2189 967 2210 ,
997 2158 1102 2202 hora
1117 2158 1191 2204 XL

77 2227 117 2265 et
148 2221 212 2266 die
228 2225 443 2280 mercurii,
476 2226 580 2272 hora
604 2228 656 2271 ΙΙ.

583 2300 637 2322 *ss
667 2303 694 2341 2
