1487 2625
377 243 968 283 THEOLOGICA.
1157 255 1224 292 103

174 356 227 393 Ea
249 352 465 402 coniunctio
490 355 680 391 hominum
709 364 793 391 cum
823 361 950 390 natura
973 350 1096 390 divina
1112 379 1125 397 ‚
1154 363 1226 398 qua

123 425 211 462 haec
233 424 392 468 colitur,
432 433 471 460 ut
507 435 631 460 amore
663 422 844 470 imprimis
865 422 1094 469 conspicua,
1134 432 1229 469 quae

120 494 330 545 spiritualis
361 493 432 531 dici
466 501 647 537 meretur,
690 492 747 530 his
785 491 964 539 imprimis
988 501 1029 529 se
1055 489 1229 540 patefacit

121 564 232 602 animi
256 563 455 608 sensibus,
482 561 736 608 adorationis,
764 563 902 598 amoris
919 589 932 607 ,
956 561 1065 610 grati
1085 561 1227 606 animi,

115 631 290 680 fiduciae.
321 631 372 669 Hi
392 640 510 668 autem
532 641 664 668 sensus
684 632 722 667 in
740 642 779 668 ea
803 631 1067 679 conjunctione
1081 658 1093 676 ,
1121 641 1229 677 quam

121 701 280 740 diximus
313 701 463 751 legalem
482 729 493 746 ,
549 713 620 748 qua
656 702 757 738 Deus
788 701 925 737 colitur
967 701 1159 750 legislator
1195 709 1232 736 et

111 771 260 820 judex,
302 780 365 810 aut
386 771 447 809 vix
475 771 635 816 adsunt,
663 780 727 807 aut
751 771 903 807 omnino
933 771 1082 807 desunt.
1134 770 1232 807 Nam

123 841 188 889 qui
220 842 270 879 ita
314 842 430 880 Deum
469 841 622 886 colunt,
658 841 812 877 adorant
840 850 919 876 non
943 839 1103 876 divinam
1127 846 1234 876 natu·

123 921 223 958 ram,
251 912 315 949 sed
338 910 465 959 potius
495 910 559 947 Dei
578 910 758 958 J‘ustitiam
781 918 816 946 et
836 910 980 957 legem;
1010 910 1101 956 grati
1123 907 1235 945 animi

124 990 237 1018 sensu
259 991 335 1018 non
355 980 566 1025 ducuntur,
609 991 721 1026 quum
749 989 825 1016 non
853 990 874 1016 a
900 979 968 1016 Dei
992 989 1143 1023 amore,
1172 980 1237 1016 sed

125 1050 170 1088 ab
194 1050 274 1099 eius
291 1050 433 1098 justitia
455 1049 577 1086 omnia
602 1047 776 1086 beneficia
799 1057 1038 1095 exspectent3
1068 1048 1238 1086 fiduciam

1161 1128 1239 1153 non

125 1193 211 1225 vitae
247 1191 345 1223 finem
379 1193 583 1223 ratiocinium
612 1203 704 1221 suum
736 1193 866 1224 videtur
901 1193 1082 1225 invertisse.
1138 1194 1241 1222 Antea

127 1246 383 1281 existimaverat,
406 1255 498 1281 eum,
522 1245 578 1283 qui
608 1244 680 1273 Diis
704 1249 812 1284 gratus
833 1251 934 1282 esset,
964 1246 1004 1274 ab
1024 1245 1066 1275 iis
1088 1254 1243 1283 prospera

129 1303 216 1329 sorte
236 1298 452 1328 remunerari:
477 1299 561 1326 unde
585 1298 778 1336 sequebatur
800 1303 936 1337 sponte,
959 1309 1049 1336 eum,
1074 1298 1130 1338 qui
1155 1298 1244 1327 cala-

129 1353 296 1383 :nitatibus
320 1355 544 1390 premeretur,
569 1350 640 1379 Diis
659 1350 818 1389 ingratum
839 1361 926 1388 esse,
949 1356 981 1381 et
1001 1352 1115 1390 poenis
1127 1350 1244 1381 divinis

129 1406 273 1436 subesse.
316 1404 401 1441 Sed,
426 1415 495 1434 cum
520 1404 587 1442 ipse
608 1404 640 1431 in
664 1403 862 1433 calamitates
880 1404 1063 1440 incideret,
1088 1407 1245 1433 ettamen

130 1459 194 1490 sibi
217 1460 365 1490 conscius
386 1462 489 1494 esset,
525 1468 555 1486 se
591 1457 715 1496 legibus
740 1457 858 1488 divinis
878 1468 1003 1497 semper
1023 1460 1249 1497 obtemperas-

131 1523 184 1549 se,
219 1512 469 1542 ratiocinabatur
498 1510 592 1549 paulo
615 1510 709 1540 aliter
730 1511 796 1544 ita:
828 1513 888 1554 qui
919 1513 1000 1541 Diis
1020 1512 1246 1552 obtemperat,

131 1577 245 1596 eorum
269 1566 393 1608 favore
421 1566 556 1600 utitur,
587 1570 619 1593 et
658 1564 697 1593 ab
728 1565 773 1593 iis
810 1564 974 1602 beneficia
1006 1565 1157 1605 accipit5
1188 1574 1249 1604 ego

134 1624 245 1649 autem
272 1629 397 1658 semper
424 1628 524 1658 quam.
554 1617 692 1646 maxime
715 1618 865 1646 Deorum
885 1617 1056 1647 volantati
1081 1617 1250 1657 obtempe-

133 1674 233 1709 ravi,
267 1671 303 1701 oh
333 1672 421 1712 quod
456 1672 565 1711 ipsum
596 1671 763 1700 hommum
791 1671 870 1699 odia
889 1671 1064 1710 experior5
1102 1671 1250 1711 adeoque

132 1737 200 1756 non
227 1730 370 1765 possunt
402 1724 464 1752 Dii
497 1724 577 1751 milti
613 1724 745 1752 adversi
773 1733 866 1757 ess-e,-
896 1739 933 1746 —
973 1724 1009 1752 id
1044 1723 1130 1753 enim
1166 1723 1251 1763 ipsis

136 1782 172 1817 οὗ
187 1785 303 1820 καλῶς
318 1780 413 1823 ἔχοι,
442 1784 579 1812 Memor.
605 1784 630 1812 Ι.
653 1793 682 1813 e.
703 1782 734 1812 5.
762 1785 792 1823 ᾗ.
815 1783 844 1812 5.
872 1799 910 1806 -
932 1789 965 1811 et
985 1783 1038 1819 id,
1066 1782 1153 1823 quod
1165 1781 1249 1810 milti

135 1847 222 1867 nanc
236 1836 357 1865 accidit
372 1856 380 1871 ‚
402 1837 638 1877 vt'deturforte
658 1835 804 1872 malum,
827 1836 885 1865 sed
904 1845 1021 1865 revera
1041 1847 1108 1865 esse
1126 1835 1250 1864 malum

135 1900 203 1919 non
230 1895 354 1930 potest.
404 1888 516 1927 Itaque
557 1889 618 1930 sibi
658 1889 756 1919 variis
787 1889 966 1918 rationibus
1004 1888 1217 1925 persuadebat
1237 1910 1244 1922 .

136 1946 272 1972 mortem
293 1942 354 1971 sibi
374 1952 436 1972 non
457 1953 521 1971 esse
542 1943 724 1978 infelicem,
759 1941 870 1980 prouti
908 1945 940 1969 et
976 1942 1045 1979 ejus
1070 1940 1251 1978 discipulus

137 1995 369 2033 Xenophon
391 1995 516 2032 copiosa
543 1996 688 2023 oratione
715 1994 882 2023 ostendere
904 1993 1031 2030 studet,
1068 1995 1138 2033 ejus
1158 2004 1253 2024 mor-

139 2057 202 2082 tem
237 2052 334 2081 fuisse
362 2052 508 2087 felicem,
553 2050 717 2092 θεοφιλῆ,
751 2051 955 2089 benignitatis
986 2051 1094 2089 potius
1126 2050 1251 2080 divinae

138 2105 378 2142 documentum3
409 2110 441 2134 et
470 2105 514 2133 ita
550 2105 721 2134 Socrati
749 2109 804 2134 aut
824 2109 895 2133 orta
917 2109 970 2133 aut
991 2104 1179 2133 confirmata
1206 2109 1254 2133 est

136 2160 222 2190 vitae
249 2158 372 2188 futurae
394 2158 568 2199 felicioris
597 2168 686 2195 spes,
725 2167 840 2196 quam,
870 2157 1003 2185 testibus
1027 2155 1199 2185 Platone
1222 2162 1253 2185 ct

140 2211 369 2247 Cicerone,
395 2211 533 2240 fovebat.
580 2210 655 2240 Vid.
683 2212 818 2240 WIemor.
842 2209 904 2240 IV.
919 2220 948 2239 e.
964 2211 995 2239 8.
1019 2208 1089 2237 Pla
1105 2213 1128 2240 t.
1150 2210 1254 2249 Apol·-

141 2276 169 2296 e.
196 2275 245 2305 17.
278 2271 309 2294 et
338 2264 423 2293 conf.
457 2264 489 2291 id
511 2265 597 2303 quod
623 2271 711 2292 :aurea
746 2262 944 2299 Socrates
977 2262 1080 2300 dixit,
1115 2264 1253 2292 Memor,

142 2317 190 2349 ll.
214 2329 241 2348 c.
266 2331 298 2349 2-
321 2321 349 2358 9⁴-
373 2317 402 2346 5.
