1487 2625
247 209 297 243 4⁴-
470 193 1128 237 COMMENTATIO

244 304 396 344 abierat.
448 306 534 359 Eae¹
559 315 711 350 carnes,
750 314 842 350 quae
865 303 945 340 soie
980 302 1124 341 fuerant
1162 304 1350 343 induratae

241 385 339 412 nunc
372 385 503 422 sapore
534 382 634 412 erant
654 384 730 411 non
760 372 933 419 ingrat03
962 381 1101 410 ceterae
1136 382 1254 411 autem
1291 386 1349 412 sa-

239 455 332 492 pore
363 454 463 481 crant
489 444 643 481 leviore.
698 443 839 480 Carnes
875 442 1060 487 bubulae,
1089 442 1245 489 primum
1273 443 1348 481 sale

241 522 276 550 et
295 513 401 551 fumo
427 514 615 551 induratae
638 519 837 557 etcoctae,
865 519 943 548 turn
969 513 1065 558 aqua
1087 512 1264 549 Creosoti
1284 523 1349 559 per

240 597 285 623 12
333 585 443 622 horas
482 583 644 620 imbutae
669 611 681 630 ,
728 581 765 619 in
804 581 1034 629 putredinem
1085 580 1233 628 quidem
1270 591 1349 619 non

236 653 415 700 abibant,
443 654 508 691 sed
543 654 652 691 durae
689 661 790 689 erant
821 651 952 689 factae.
1007 651 1144 689 Earum
1178 661 1289 698 sapor
1311 659 1348 689 et

238 724 332 761 odor
365 723 504 761 similes
538 731 640 760 erant
665 722 854 768 carnium,
884 720 988 759 fumo
1027 729 1062 758 et
1098 721 1175 757 sale
1199 719 1349 758 indura·

237 801 355 831 tarum
372 821 385 840 ,
414 793 540 841 sapori
563 801 598 829 et
628 792 761 839 odori;
791 793 877 830 dum
917 789 1093 829 Creosoti
1119 790 1270 828 odorem
1296 791 1348 827 le-

235 863 376 902 viorem
422 862 644 912 spargebant
688 862 832 900 eaedem
874 860 956 898 illae
996 871 1139 898 carnes.
1208 860 1346 898 Earum

234 941 356 970 tamen
388 942 499 980 sapor
543 931 720 979 ingratam
755 930 854 978 apud
897 936 955 966 me
994 927 1145 976 reliquit
1182 926 1349 965 affectio-

236 1013 350 1049 nem3
379 1001 499 1049 qualis
528 1001 693 1048 ingratus
719 1008 829 1047 sapor
854 998 899 1036 iis
923 997 1058 1035 mansit
1075 1024 1088 1044 ,
1114 1007 1236 1044 neque
1256 995 1348 1035 abiit

234 1071 407 1110 coctione
431 1082 517 1109 cum
554 1081 674 1117 aqua,
708 1079 775 1106 nec
805 1078 879 1116 ope
911 1067 1004 1105 acidi
1030 1065 1173 1105 acetici.

285 1141 395 1180 Licet
431 1141 544 1189 igitur
593 1150 719 1177 carnes
761 1137 954 1188 putredine
999 1146 1077 1174 non
1117 1134 1344 1182 afficiantur,

235 1211 268 1248 si
305 1221 401 1258 aqua
436 1211 610 1248 Creosoti
647 1209 723 1246 sint
749 1209 1004 1251 humectatae,
1032 1207 1092 1243 vel
1126 1206 1180 1243 sic
1220 1214 1340 1243 tamen

234 1289 328 1329 puto
363 1282 527 1318 Azotum
566 1277 862 1327 (nitrogenium)
891 1274 1170 1325 praeferendum
1193 1286 1275 1313 esse
1299 1275 1344 1312 ad

234 1350 487 1388 conservanda
530 1347 703 1388 victualia

281 1421 385 1459 Patet
418 1419 543 1466 itaque
565 1428 611 1456 ex
634 1417 733 1455 hisce
748 1416 1010 1465 experimentis
1025 1441 1038 1462 ,
1059 1425 1184 1453 carnes
1215 1423 1341 1454 coctas

231 1501 346 1537 aeque
358 1500 398 1526 ac
413 1499 489 1525 non
500 1496 624 1525 coctas
640 1515 652 1534 ‚
669 1487 806 1525 actioni
824 1486 998 1525 Creosoti
1013 1485 1201 1533 expositas
1214 1513 1227 1532 ‚
1238 1485 1339 1524 nulla

232 1559 427 1607 putredine
460 1557 567 1596 affici.
596 1556 711 1607 Quod
733 1557 1205 1602 animadvertens‚mecum
1233 1565 1344 1602 repu-

228 1628 304 1666 tavi
334 1639 442 1667 usum
477 1638 592 1674 aquae
628 1627 802 1666 Creosoti
819 1654 832 1673 ,
859 1626 892 1665 si
921 1624 1154 1663 adhiberetur
1178 1624 1223 1662 ad
1249 1635 1340 1662 con-

228 1698 403 1736 servanda
428 1697 529 1734 coria
566 1696 738 1734 recentia.
793 1695 882 1745 Quo
911 1694 1026 1743 magis
1057 1704 1178 1732 autem
1200 1695 1244 1731 de
1271 1695 1337 1732 hac

227 1779 266 1806 re
298 1767 396 1815 apud
436 1778 493 1805 me
526 1774 736 1811 constaret,
780 1765 922 1803 obduxi
957 1764 1191 1812 superficiem
1226 1765 1340 1803 inter-

226 1847 309 1874 nam
347 1836 439 1874 corii
474 1836 628 1873 recentis
661 1835 823 1874 cuniculi
857 1835 954 1883 aqua
1006 1834 1213 1882 Creosoti,
1262 1846 1339 1882 quo

225 1906 349 1952 facto,
377 1906 470 1944 illud
499 1906 640 1943 corium
670 1904 848 1953 suspendi
882 1905 919 1942 in
938 1907 1019 1943 aere
1046 1904 1338 1953 athmosphaeri-

227 1988 289 2015 c0.
321 1977 412 2014 Post
434 1984 596 2023 quatuor
610 1975 686 2013 dies
707 1975 929 2013 exsiccatum
943 1974 1084 2012 corium
1106 1984 1336 2022 nequaquam

226 2045 410 2084 foetidum
449 2045 601 2083 odorem
641 2044 865 2093 spargebat,
901 2052 1182 2082 conservaverat
1215 2052 1337 2081 autem

230 2115 404 2154 Creosoti
428 2114 595 2152 odorem.
624 2114 694 2153 Pili
725 2113 831 2152 etiam
857 2114 1010 2152 firmiter
1040 2114 1142 2152 corio
1171 2113 1340 2151 inhaere-

229 2185 318 2224 bant
335 2214 347 2232 ,
375 2195 440 2223 nec
465 2185 543 2223 sine
577 2184 703 2222 labore
732 2184 874 2222 extrahi
900 2192 1095 2232 poterant3
1126 2183 1229 2231 quod
1248 2195 1335 2231 pro-

230 2256 347 2305 prium
385 2255 488 2293 corio
527 2255 674 2295 mansit.
754 2254 894 2293 Docuit
943 2254 1065 2302 itaque
1099 2254 1169 2291 hoc
1196 2253 1336 2302 experi-

1236 2333 1334 2361 men·
