1487 2625
234 203 304 239 126
452 198 1115 239 COMMENTATIO

233 313 329 350 Cum
359 310 450 347 enim
491 309 602 356 iongo
636 307 787 345 omnino
832 318 927 355 opus
957 307 1006 344 sit
1042 306 1220 356 temporis
1255 319 1340 357 spa-

231 383 313 426 tio,
343 391 388 416 ne
424 379 587 425 operatio
624 388 741 422 careat
779 386 943 423 eventii,
984 388 1146 425 magnam
1180 377 1337 425 iiquoris

233 460 368 495 partem
393 459 632 485 exosmoseos
660 459 730 495 ope
750 459 814 495 per
835 447 993 484 vesicam
1011 447 1109 484 exire
1124 475 1136 494 ,
1150 455 1262 496 atque
1282 447 1338 486 in-

228 520 329 566 signe
359 519 440 555 inde
466 518 570 564 sequi
601 517 768 565 corporis
792 517 915 555 delleti
928 517 1198 566 dispendium,
1225 518 1335 556 facile

226 588 469 635 intelligitur,
499 586 624 635 prouti
656 587 761 624 etiam
798 597 946 634 semper
977 586 1173 624 observavi
1204 586 1343 625 veneni?

227 659 359 696 indicia
396 659 433 695 in
468 658 613 705 liquore
638 657 720 694 tubi
746 657 911 703 externi,
938 669 1030 704 quae
1053 665 1158 695 antea
1181 657 1335 695 omnino

223 728 456 766 deficiebant.
535 727 804 766 Pleischel
845 735 1031 775 praeterea
1060 727 1152 764 hanc
1192 726 1336 764 metho-

223 801 308 837 dum
348 800 476 837 cedere
505 798 637 836 debere
661 797 713 835 iili
733 826 746 844 ,
775 808 881 845 quam
907 797 1011 835 Ros
1028 808 1047 834 e
1071 796 1217 844 retulit,
1246 807 1334 845 pro-

223 868 348 915 bavit,
374 879 457 905 cum
484 868 595 916 huJ'us
628 878 699 914 ope
724 865 947 915 Arsenicum
972 865 1169 904 restituere
1201 873 1336 914 potue-

227 938 301 984 rit,
332 938 439 986 cujus
472 938 611 974 nullum
642 948 708 984 per
735 936 1018 976 Galvanismum
1049 936 1255 974 obtinuerit
1280 936 1337 974 in-

220 1008 355 1046 dicium
384 1008 467 1058 (1).
537 1007 591 1045 Ut
616 1006 740 1053 itaque
768 1007 861 1044 hanc
888 1017 964 1043 rem
993 1005 1167 1044 ulteriore
1193 1005 1333 1054 indige-

220 1090 259 1115 re
286 1078 452 1116 examine
480 1076 570 1114 mihi
599 1076 747 1124 quidem
775 1086 853 1113 non
879 1075 1062 1113 videatur.

218 1274 262 1311 B.
290 1282 549 1312 DEUTOXYDO
584 1280 782 1309 ARSENICI
815 1278 1092 1306 SUBSTANTHS
1122 1278 1251 1306 ORGA·

357 1348 491 1382 mels,
520 1345 753 1373 specmrm
780 1342 1055 1373 VENTRICULO
1078 1343 1194 1381 Ejus-

443 1412 526 1448 th
565 1408 835 1444 CONTENTIS‚
875 1407 1115 1435 COMMIXTO.

694 1509 728 1556 §.
793 1509 857 1545 18.

338 1617 620 1657 Methodus
662 1612 821 1651 Rosei
862 1619 909 1648 et
949 1606 1206 1648 Roloffii.

263 1729 352 1767 Prae
384 1726 558 1765 omnibus
584 1725 686 1772 aliis,
727 1735 819 1772 quae
856 1724 1051 1769 hucusque
1075 1718 1321 1766 adduximus,

213 1798 393 1847 imprimis
422 1797 644 1835 monendum
675 1802 753 1841 est,
788 1795 832 1832 de
857 1792 1019 1830 examine
1043 1789 1209 1828 chemico
1235 1798 1323 1826 ven·-

212 1869 333 1906 triculi
383 1877 417 1905 et
464 1866 725 1904 intestinorum
777 1863 990 1909 horumque
1044 1868 1318 1898 contentorum.

203 1940 308 1978 Cum
338 1939 433 1975 enim
463 1938 607 1975 nullum
637 1933 713 1972 fere
735 1942 880 1981 prostet
905 1941 1080 1978 reagens,
1110 1927 1143 1966 si
1169 1928 1320 1976 Hydro-

211 2009 357 2057 genium
395 2007 651 2055 sulphuratum
693 2004 819 2042 forsan
861 2001 1050 2049 excipias,
1090 1998 1192 2046 quod
1228 2007 1318 2034 con-

211 2088 364 2116 stantem
400 2085 543 2115 exseret
578 2075 615 2112 in
656 2084 865 2119 venenum,
902 2068 1094 2119 principiis
1135 2065 1316 2116 organicis

212 2148 450 2187 commixtum
465 2174 476 2193 ,
511 2146 689 2183 actionem
709 2173 720 2191 ,
747 2154 908 2190 cumque
931 2139 1111 2188 reagentia
1137 2140 1172 2175 in
1194 2137 1318 2184 liquo-

1214 2206 1316 2244 ribus

257 2283 303 2322 (ι)
330 2282 350 2311 1.
373 2291 400 2310 e.
423 2273 843 2310 Christison‚i1›id.
