1487 2625
231 150 288 194 34
467 150 586 195 ADR
596 184 606 194 .
638 149 807 195 CATH.
839 150 1100 197 HOLTIUS

234 280 403 344 publiCa
440 287 529 343 lege
570 292 620 328 et
647 285 1013 338 commendarent,
1052 292 1091 328 et
1122 284 1345 342 juvandam

237 363 448 407 ducerent.
511 362 606 419 Quo
632 369 745 420 patet
769 361 870 404 illud
897 362 1150 405 celebratum
1177 361 1346 406 institu-

236 447 349 492 tum,
389 452 472 495 quo
506 452 622 481 nunc
662 438 906 497 Havniensis
946 438 1158 483 academia
1195 439 1347 482 multas

237 516 337 559 alias
360 516 602 559 antecellere
627 515 777 558 dicitur
793 547 804 568 ‚
832 515 980 571 cuique
1006 515 1143 559 Dania
1163 515 1348 574 optimos

238 606 427 648 quosque
454 607 553 636 suae
580 592 748 636 scholae
771 592 1033 650 professores
1055 592 1223 646 debuit,
1246 592 1348 636 iti-

237 670 465 712 neraria
505 669 799 728 stipendia,
828 684 934 726 quae
978 677 1206 724 vocantur,
1255 677 1347 714 utut

237 746 424 799 nomine,
441 760 526 789 non
543 754 682 790 tamen
708 761 752 789 re
769 778 780 798 ,
811 762 834 789 a
848 746 1010 804 patriae
1037 754 1206 790 nostrae
1223 747 1347 791 insti—

237 823 336 867 tutis
355 823 519 868 afuisse.
562 824 681 867 Patet
700 823 807 866 adeo
833 837 926 866 cum
956 823 1066 866 hane
1092 823 1233 868 dotem
1259 830 1347 867 tum

240 900 363 952 alias,
401 901 552 957 quibus
578 894 1153 959 peregrinae'Universitates
1182 908 1349 945 nostras

239 985 309 1021 aut
324 985 547 1036 superant,
577 985 646 1021 aut
671 992 870 1036 superare
896 977 1116 1031 dicuntur,
1149 977 1204 1020 ad
1223 992 1349 1022 unam

239 1068 384 1098 omnes
424 1054 492 1098 hic
526 1062 729 1098 terrarum
769 1055 912 1098 saltem
945 1055 1169 1111 aliquando
1198 1054 1348 1108 fuisse,

238 1130 365 1174 fuisse
411 1138 546 1174 autem
589 1138 673 1174 tum
715 1131 919 1183 maxime,
967 1129 1060 1174 eum
1103 1131 1215 1190 apud
1247 1131 1350 1175 alios

238 1208 422 1251 nondum
458 1209 751 1253 invenirentur.
828 1208 954 1265 Quod
994 1216 1131 1252 tamen
1175 1223 1253 1252 nec
1294 1209 1350 1252 ad

212 1284 433 1342 einvidiam
463 1285 634 1329 aliorum
668 1285 813 1338 velim,
843 1300 976 1341 neque
1011 1285 1227 1330 ambitiose
1255 1285 1350 1330 dic-

238 1370 326 1406 tum
352 1363 569 1407 habeatur.
633 1363 772 1407 Currit
799 1364 988 1406 fortunae
1018 1371 1137 1416 rota,
1178 1370 1219 1407 et
1251 1371 1348 1407 sunt

240 1455 312 1483 sua
345 1441 493 1496 cuique
527 1448 731 1498 tempora.
789 1440 962 1484 Publica
993 1448 1127 1496 autem
1159 1440 1347 1485 liberali-

239 1524 303 1559 tas
320 1549 331 1569 ‚
359 1517 409 1560 de
432 1518 518 1573 'qua
549 1517 745 1570 dicimus,
775 1533 880 1574 quae
910 1518 1021 1576 apud
1052 1518 1230 1574 majores
1257 1518 1351 1561 eni-

239 1593 342 1646 tuit,
394 1594 602 1657 l>rineipis
648 1595 782 1637 nostri
836 1594 1112 1651 augustissimi
1157 1593 1352 1653 auspiciis

239 1679 409 1725 renata,
440 1673 661 1730 respiravit
702 1673 1000 1728 aliquantulum
1042 1672 1107 1715 his
1144 1670 1354 1729 tempori-

238 1749 344 1803 })us,·
383 1749 546 1806 privata
577 1764 702 1801 vero,
745 1764 851 1805 quae
895 1748 991 1791 olim
1038 1755 1126 1791 erat
1168 1741 1353 1800 summa,

238 1827 321 1869 iam
364 1826 502 1869 multis
542 1826 661 1869 annis
704 1827 814 1869 nulla
850 1826 926 1868 fuit
958 1832 1028 1868 aut
1062 1839 1198 1883 prope
1226 1825 1350 1867 nulla.

238 1904 395 1947 Mortui
427 1911 522 1968 sunt
567 1902 612 1945 in
665 1903 746 1946 hae
799 1903 960 1946 civimte
1009 1902 1117 1946 cives
1163 1901 1356 1958 locuple-

238 1979 409 2034 tissimi,
438 1981 532 2024 orbi
561 1995 679 2024 senes
710 1987 748 2024 et
777 1981 934 2023 vetulae
952 2012 963 2032 ,
991 1994 1042 2022 ne
1073 1978 1229 2022 sextula
1259 1978 1356 2034 qui-

241 2058 335 2101 dem
359 2057 603 2101 ,academiae
633 2058 790 2102 relicta.
838 2059 1034 2100 Attamen
1059 2056 1140 2099 hoc
1174 2069 1260 2098 non
1282 2055 1356 2113 ip-

239 2134 317 2187 sis,
354 2150 431 2179 nec
467 2135 664 2179 avaritiae
702 2134 965 2192 angustiaeve
1009 2133 1240 2176 animorum
1262 2132 1358 2176 'tri-

237 2213 439 2268 buamus3
470 2212 757 2271 imputandum
786 2219 845 2256 est
874 2211 975 2268 juris
1014 2209 1170 2269 publici
1206 2209 1360 2269 incon-¹
