1487 2625
226 189 274 245 gs
446 179 1119 232 COMMENTATIO

232 293 424 343 expositi,
465 301 506 330 ut
555 292 607 330 illi
652 299 766 338 sunt,
820 290 884 338 qui
935 289 1088 327 metallis
1127 281 1345 326 effodiendis

230 364 374 402 victum
396 361 468 400 sibi
493 369 723 409 comparant.
775 361 844 398 Illa
866 368 985 397 autem
1002 388 1014 405 ‚
1042 358 1136 406 'quae
1163 359 1199 396 in
1223 359 1347 407 priore

232 433 348 482 huJus
382 433 420 479 ἕ.
459 439 564 478 parte
603 430 822 475 retulimus,
850 439 1124 477 symptomata,
1164 428 1345 477 imprimis

227 501 438 549 habentur,
468 501 501 538 si
537 501 654 550 major
687 499 860 538 Arsenici
887 500 1071 547 quantitas
1105 498 1347 547 pulmonibus

230 572 364 610 hausta
394 570 537 618 fuerit,
575 579 688 619 atque
713 570 924 608 celeriorem
951 568 1114 607 efficiunt
1140 567 1261 606 morbi
1284 568 1348 606 de·

224 652 395 680 cursum.

725 730 759 776 ᾗ.
794 740 856 768 ιι.

282 850 429 889 Effecta
451 850 550 888 haud
576 849 699 887 minus
723 849 862 886 atrocia
886 849 1159 896 observantur,
1185 848 1217 885 si
1237 851 1350 886 vene-

229 932 320 960 num
360 920 438 958 cuti
476 919 689 968 applicetur
727 926 870 966 atque,
905 919 1066 956 vasculis
1093 917 1257 956 minimis
1285 918 1351 955 ab·

229 999 401 1039 sorptum
418 1017 432 1037 ‚
460 990 531 1027 late
556 1000 659 1026 suam
686 987 871 1026 diffundat
895 989 1092 1026 actionem.
1146 987 1350 1028 Peculiaria

228 1070 318 1097 vero
345 1059 608 1108 producuntur
633 1058 808 1105 quaedam
845 1058 1128 1106 phaenomena,
1165 1059 1349 1097 Arsenico

226 1128 342 1178 capiti
381 1128 595 1176 applicato,
631 1139 743 1174 cum,
779 1137 933 1177 propter
964 1129 1060 1167 viam
1089 1131 1134 1167 ad
1157 1129 1349 1167 cerebrum

227 1209 328 1237 nunc
362 1198 601 1245 breviorem,
645 1207 722 1236 tum
774 1208 928 1247 propter
975 1199 1257 1237 subtilissimam
1291 1211 1352 1237 ce-

227 1268 326 1306 rebri
368 1276 608 1306 structuram.
689 1269 748 1306 De
785 1269 888 1306 hisce
934 1269 1058 1316 itaque
1115 1269 1231 1318 signis
1277 1270 1351 1318 pri-

229 1349 332 1377 mum
375 1338 443 1377 erit
479 1337 696 1376 videndum.
773 1338 825 1376 At
850 1350 939 1376 vero
971 1350 1108 1384 casus,
1134 1341 1199 1387 qui
1223 1352 1351 1389 symp-

229 1417 368 1446 tomata
395 1407 456 1445 illa
486 1407 691 1454 exhibent,
732 1419 886 1445 numero
922 1418 1011 1446 sunt
1047 1410 1174 1457 plures
1238 1423 1348 1458 quam

230 1487 274 1516 ut
298 1478 490 1526 speciatim
518 1487 732 1516 enarrentur
747 1505 760 1524 ‚
783 1479 868 1515 dum
892 1479 936 1515 ab
960 1480 1071 1516 altera
1093 1488 1195 1527 parte
1216 1491 1348 1520 eorum

229 1558 409 1586 numerus
449 1558 527 1585 non
564 1548 729 1594 sufficit,
762 1557 829 1593 ut,
859 1549 1166 1596 quemadmodum
1206 1551 1267 1588 ubi
1304 1552 1350 1589 de

231 1617 416 1654 Arsenico
459 1618 666 1656 ventriculo
712 1618 858 1667 ingesto
916 1620 1111 1667 agebamus
1159 1620 1346 1670 fecimus,

228 1686 275 1725 ad
312 1688 448 1726 classes
488 1688 663 1734 quasdam
706 1689 955 1731 reducantur,
998 1700 1225 1738 quapropter
1261 1703 1347 1729 suc-

226 1756 349 1794 cincte
384 1765 527 1795 tantum
563 1758 739 1795 enarrabo
772 1768 1048 1806 symptomata,
1080 1761 1208 1798 eodem
1233 1763 1345 1800 modo

229 1839 270 1867 ac
298 1827 402 1876 illudj
425 1827 462 1863 in
496 1827 704 1874 veneficio,
750 1840 826 1874 quo
866 1829 1086 1867 Arsenicum
1125 1833 1345 1879 pulmonum

233 1909 306 1946 ope
330 1896 449 1935 fuerat
473 1906 695 1944 attractum,
731 1897 905 1936 fecimus.
959 1900 1195 1950 Cephalalgia
1219 1901 1346 1940 imma-

229 1968 288 2005 nis
317 1968 433 2015 prima
465 1968 629 2006 omnium
661 1977 950 2016 symptomatum
972 1969 1138 2018 ingruit,
1164 1972 1345 2021 imprimis

230 2038 261 2076 si
295 2038 427 2085 capitis
465 2038 661 2086 epidermis
705 2040 956 2077 exanthemate
1000 2042 1157 2087 quodam
1192 2052 1255 2080 aut
1292 2045 1348 2082 ul·

229 2107 377 2147 ceribus
414 2118 517 2146 antea
550 2108 663 2145 fuerit
700 2109 885 2148 destructa
922 2109 1004 2159 (1).
1073 2112 1184 2150 Cutis
1223 2121 1346 2152 autem

1315 2198 1348 2223 si

275 2239 324 2278 (ι)
348 2239 436 2269 Acta
463 2241 545 2269 Nar.
575 2241 703 2272 Curios.
731 2241 808 2274 Vol.
833 2244 895 2276 lx.
919 2245 1056 2277 observ.
1078 2247 1129 2287 37.
1175 2248 1347 2290 Wepfc-

233 2303 302 2325 rus
328 2292 349 2321 2.
379 2303 408 2322 c.
436 2293 527 2321 Ilz's't·
551 2294 600 2322 13.
623 2305 655 2333 p.
678 2295 748 2329 [²64.
