1487 2625
216 150 292 190 16⁷>-
451 148 585 192 ABR,
624 148 789 192 CATH.
824 150 1079 197 HOLTIUS

208 285 373 332 volunt,
437 283 654 339 aquibus
711 285 861 328 volunt.
951 285 1114 329 Docent
1172 294 1305 331 autem

207 374 288 415 qua
332 358 504 416 quisque
549 359 699 402 mavult
740 359 910 411 ratione.
989 362 1173 421 Tempus
1213 362 1310 421 qui-

208 436 301 479 dem
344 435 572 478 studiorum
609 435 874 479 constitutum
912 445 999 489 est,
1031 447 1071 482 et
1098 441 1314 484 examina-

207 517 270 555 tio-
308 513 368 554 vel
408 511 604 568 probatio
649 512 875 567 quaedam,
927 520 1064 558 verum
1113 516 1215 560 haec
1255 518 1311 561 ab

205 590 252 631 iis
287 596 443 632 tantum
490 589 705 645 exiguntur
740 589 809 645 qui
854 590 905 632 ad
952 591 1087 634 officia
1140 594 1306 651 publica

204 665 390 709 adhiberi
434 664 627 723 cupiunt,
679 672 748 708 aut
791 666 1038 710 academicis
1080 669 1310 714 honoribus

204 742 372 796 01·na1·i;
415 741 486 798 qui
525 741 623 784 nihi!
665 741 773 784 aliud
812 749 939 799 agunt
969 759 1091 799 quam
1131 753 1173 789 ut
1212 761 1310 791 eru-

204 819 395 869 diantur,
426 819 479 861 ab
510 818 574 862 his
610 818 709 860 nihil
732 819 811 862 tale
839 819 1035 876 exigitur,
1069 828 1108 865 et
1141 822 1311 867 libertas

204 912 343 940 eorum
372 903 431 939 est
459 895 630 938 infinita.
693 896 827 939 Porro
854 896 924 952 qui
952 897 1180 954 studiorum
1208 912 1310 943 cau-

204 989 249 1016 sa
289 974 331 1016 in
371 971 581 1016 academia
622 980 716 1015 sunt
760 987 835 1015 suo
874 988 988 1016 moi-e
1031 975 1191 1027 vivunt,
1224 982 1307 1019 tam

205 1051 323 1093 liberi
359 1065 482 1106 quam
513 1049 658 1105 reliqui
698 1049 830 1098 cives,
861 1049 945 1092 imo
974 1051 1100 1093 multo
1138 1051 1311 1095 liberio-

206 1142 299 1178 res,
327 1141 457 1182 neque
487 1125 638 1168 familia
671 1125 828 1181 gravati
854 1141 986 1181 neque
1019 1127 1172 1172 officio.
1237 1128 1314 1172 Ni-

207 1204 351 1246 mirum
391 1208 435 1245 ut
464 1201 581 1244 liberi
620 1215 668 1244 ac
707 1202 827 1244 soluti
864 1202 1009 1245 studiis
1044 1203 1311 1255 incumbant.

204 1281 312 1323 nulla
356 1280 433 1321 alia
474 1293 572 1322 cura
617 1278 804 1322 districti.
869 1278 974 1322 Hinc
1012 1286 1096 1323 tam
1131 1281 1309 1337 jucunda

207 1357 404 1401 memoria
442 1363 502 1399 est
538 1355 631 1398 viris
675 1369 722 1398 ac
760 1355 926 1398 senibus
961 1355 1066 1400 vitae
1101 1357 1312 1402 academi-

208 1450 293 1479 cae.
357 1433 463 1477 Hinc
494 1432 592 1475 illud
636 1432 748 1487 quod
788 1432 1020 1476 Ludos-icus
1053 1433 1312 1492 Capenenius

207 1510 506 1571 praedicabat,
531 1523 622 1552 cum
640 1508 881 1552 Leidensem
912 1509 1165 1554 academiam
1190 1510 1308 1556 inau-

208 1595 393 1647 guraret:
427 1619 453 1639 ‚‚
486 1594 600 1630 extra
628 1585 882 1629 academiam
912 1600 996 1630 non
1025 1594 1085 1630 est
1112 1587 1312 1639 vita‚ait,

208 1698 236 1719 ‚‚
268 1658 387 1708 vitam
418 1664 571 1714 nescit,
603 1663 673 1719 qui
711 1662 960 1706 studentium
999 1663 1122 1706 vitam
1166 1664 1311 1708 nescit.

211 1775 237 1796 „
268 1741 374 1785 Sunt
420 1741 525 1784 enim
574 1754 715 1783 revera
755 1739 1055 1784 Universitates
1109 1749 1308 1786 terrarum

208 1852 235 1871 ‚‚
268 1817 382 1861 orbis
414 1808 708 1874 compendium
740 1850 749 1860 .
769 1851 778 1860 .
799 1849 809 1860 .
829 1851 838 1859 .
873 1816 931 1859 ibi
969 1816 1160 1861 habitant
1202 1819 1315 1862 Gra-

213 1928 238 1948 „
271 1894 349 1938 tiae
365 1894 555 1936 decentes
581 1892 742 1948 junctae
759 1892 1032 1951 Nymphis‚''
1065 1901 1104 1937 et
1131 1894 1311 1951 reliqua,

212 1975 386 2016 fortasse
418 1979 631 2014 oratorum
661 1983 776 2012 more
803 1969 1078 2027 amplificata..
1112 1970 1312 2029 Inteuigi-

212 2059 278 2093 tur
304 2057 441 2092 tannen
473 2062 596 2104 quam
629 2046 823 2102 anliquus
850 2046 901 2088 sit
940 2046 1008 2089 ille
1047 2046 1309 2091 academicae

209 2125 436 2169 duicedinis
472 2131 641 2181 gustum,
686 2122 898 2179 antiquior
925 2122 1064 2179 utique
1110 2138 1233 2179 quam
1272 2125 1312 2166 in

214 2202 344 2262 patria
392 2207 532 2244 nostra
573 2200 663 2258 ipsa
720 2198 1023 2242 academiarum
1072 2198 1314 2258 primordia,
