1487 2625
213 155 264 200 46
438 153 1104 194 COMMENTATIO

212 262 347 300 bantur
371 270 618 311 symptomata
641 263 797 310 ipsaque
822 262 948 308 subito
974 275 1092 304 morS.
1141 265 1323 308 Intestina

210 331 498 370 inflammatione
517 332 672 370 notabili
696 344 898 381 apparuere
923 343 1093 384 correpta
1115 336 1202 385 (1).

259 402 424 441 Similem
457 402 753 446 observationem
790 404 998 443 retulerunt
1030 405 1094 445 Cl.
1125 407 1252 446 Paris
1274 417 1323 448 vet

207 472 506 520 Fonblanque
528 472 611 522 (α).

636 743 669 782 C
688 745 778 784 ΑΡ.
829 745 878 783 ΙΙ.

269 878 374 916 ΙζΟὸΤ
402 877 588 905 MORTEM
616 878 662 904 IN
690 878 918 905 CADAVERE
947 879 1244 909 REPERIUNDA·

681 994 719 1040 §.
751 1005 812 1041 14.

230 1120 454 1170 Expositis,
482 1132 575 1169 quae
599 1129 684 1158 ante
715 1129 869 1158 mortem
906 1120 1153 1160 observantur
1185 1121 1304 1171 signis

192 1189 472 1241 pathologicis,
516 1192 560 1229 ad
599 1192 746 1229 alteram
786 1191 898 1240 huJ'us
926 1190 1040 1239 partis
1064 1191 1305 1239 pervenimus

191 1263 393 1301 sectionem
411 1290 424 1309 ,
466 1272 537 1309 qua
577 1261 794 1309 exponenda
843 1261 1000 1298 veniunt
1050 1261 1306 1309 phaenomena

191 1333 367 1370 morbosa
382 1360 396 1380 ,
423 1344 516 1380 quae
539 1333 577 1370 in
599 1331 866 1379 cadaveribus,
896 1331 964 1369 hac
985 1331 1128 1370 ratione
1141 1331 1306 1370 exstine-

190 1413 313 1441 torum
332 1432 344 1449 ‚
372 1402 522 1451 reperiri
549 1404 685 1442 solent.

238 1475 402 1512 Primum
445 1475 571 1522 itaque
613 1473 652 1510 in
692 1483 846 1510 censum
883 1472 1040 1509 veniunt
1074 1473 1136 1510 illa
1170 1472 1303 1520 signa,

188 1558 282 1594 quae
309 1554 448 1584 tractus
474 1544 736 1582 intestinorum
765 1543 927 1581 indicant
952 1541 1304 1589 inflammationem,

189 1627 357 1663 quaeque
385 1615 547 1652 omnium
577 1623 666 1652 sunt
692 1612 1008 1661 frequentissima.
1070 1612 1158 1650 Huc
1189 1612 1302 1660 perti-

187 1695 278 1723 nent
311 1686 425 1723 rubor
447 1684 609 1722 faucium
625 1712 640 1731 ‚
675 1682 905 1731 oesophagi,
932 1683 1096 1730 itemque
1121 1682 1303 1720 membra·

185 1769 252 1795 nae
288 1767 462 1794 mucosae
497 1765 719 1800 serosaeque
745 1752 973 1800 ventriculi,
1008 1754 1058 1790 ita
1081 1761 1229 1799 tamen,
1258 1760 1301 1790 ut

186 1827 365 1876 postremi
400 1826 609 1863 membrana
644 1824 814 1872 interna,
849 1835 894 1861 ex
929 1823 1107 1872 sanguine
1135 1830 1299 1860 extrava-

184 1907 291 1945 sato‚
319 1897 426 1946 nigro
453 1896 635 1934 interdum
666 1904 836 1932 cernatur
859 1894 1000 1931 colore.
1045 1893 1188 1932 Deinde
1223 1892 1298 1929 huc

183 1968 310 2007 referri
349 1968 485 2005 debent
528 1965 673 2004 tunicae
699 1966 862 2003 internae
890 1964 1072 2002 emollitio
1099 1964 1160 2002 vel
1186 1973 1224 2000 et
1250 1962 1297 2000 il-

181 2040 254 2076 IIus
277 2039 504 2084 aliarumque
526 2036 821 2074 membranarum
836 2035 1010 2072 ulceratio
1024 2042 1057 2071 et
1074 2043 1290 2082 gangraena.

1194 2103 1296 2142 Tum

225 2180 272 2218 (1)
297 2176 484 2211 Fodere,
513 2175 534 2204 Ι.
561 2186 588 2205 e.
614 2185 646 2213 p,
672 2175 744 2206 266.

224 2233 272 2272 (α)
295 2231 418 2261 Medic.
438 2229 632 2269 chrisprucl.
654 2227 746 2258 Tom.
769 2226 817 2258 11.
844 2236 915 2258 222.
948 2225 1000 2257 Cf.
1021 2224 1291 2266 Christisou,

182 2288 205 2318 l.
236 2297 262 2316 c.
288 2295 321 2324 p.
348 2284 416 2313 328.
