1487 2625
358 226 950 269 THEOLOGICA.
1161 242 1209 281 53

98 335 164 374 ubi
187 345 264 373 non
291 335 443 383 capiunt
460 363 473 381 ,
507 348 578 382 qua
602 337 742 375 ratione
768 348 827 376 res
855 337 977 385 aliqua
1009 337 1072 376 fiat
1088 367 1100 386 ‚
1135 347 1211 378 sta·

98 405 164 444 tim
187 406 233 444 ad
256 406 374 444 Deum
401 416 600 444 recurrere.
655 406 751 443 Hinc
768 435 781 453 ,
818 419 930 454 quum
956 407 1043 446 alibi
1068 419 1207 446 memo-

97 483 152 514 ret
188 475 273 514 talia
305 475 482 522 crimina,
521 486 615 524 quae
641 485 759 523 poena
786 475 1008 514 inevitabilis
1035 477 1208 525 insequa-

97 554 180 594 tur,
209 544 356 584 videtur
381 546 444 583 has
475 556 630 593 quoque
664 556 827 593 poenas,
869 554 905 583 et
941 547 1040 595 leges
1074 546 1202 594 ipsas,

95 627 190 664 quae
236 615 295 653 his
345 615 475 663 poenis
524 615 784 663 vindicantur,
834 615 976 653 divinas
1015 615 1204 653 habuisse.

96 685 158 723 SIc
192 692 350 734 tyranno
381 684 523 723 licitum
564 697 644 724 esse
677 693 809 734 negat,
839 685 937 723 bona
963 685 1204 724 suadentibus

94 764 172 793 non
196 754 473 802 obtemperaret
502 765 583 792 nam
611 767 688 793 eam
714 754 902 792 imminere
927 765 1111 804 poenam„
1139 764 1204 802 ut,

73 871 74 874 Ἴ
95 823 129 861 si
159 835 231 878 qua
257 823 295 861 in
319 835 358 861 re
382 823 482 861 bono
506 824 663 874 alicuius
684 823 844 863 consilio
879 824 934 862 uti
962 824 1058 862 nolit
1074 852 1087 871 ,
1112 825 1205 862 hanc

94 892 291 931 infeliciter
330 901 427 942 agat.
494 895 583 932 Item
621 905 698 933 non
735 894 846 932 licere
888 903 1049 943 tyranno
1085 894 1204 940 dicit,

94 969 212 1001 morte
234 962 375 1001 afficere
397 974 504 1011 eum,
531 964 594 1011 qui
616 963 715 1002 bona
738 963 813 1012 ipsi
835 964 989 1002 consilia
1013 966 1097 1003 dat:
1121 975 1205 1002 narn

94 1041 178 1070 eum
213 1042 292 1070 non
326 1032 400 1071 levi
438 1032 621 1079 quadam,
663 1033 730 1071 sed
767 1029 981 1082 gravissima
1013 1034 1079 1071 hac
1113 1032 1207 1071 affici

94 1111 240 1148 poena,
276 1109 318 1139 ut
354 1112 442 1139 mox
477 1102 646 1140 intereat.
715 1104 850 1141 Eadem
897 1101 1039 1140 ratione
1085 1102 1205 1148 dicit,

95 1180 187 1217 eos,
225 1169 289 1217 qui
328 1181 444 1217 quum
480 1181 522 1208 se
559 1171 663 1219 ipsos
701 1183 778 1208 non
812 1171 1009 1217 noverint,
1046 1171 1205 1218 aliquam

95 1250 171 1277 rem
204 1239 431 1287 suscipiant,
470 1251 513 1277 eo
541 1241 665 1287 puniri
697 1250 733 1278 et
757 1240 957 1288 castigari,
983 1241 1087 1287 quod
1109 1240 1205 1278 illam

97 1318 172 1345 rem
199 1307 338 1346 infelici
368 1320 546 1347 successu
573 1318 726 1357 gerant;
776 1321 942 1357 eosque,
992 1309 1057 1355 qui
1083 1308 1207 1346 curio-

96 1377 176 1416 sius
222 1378 394 1416 coelestia
436 1387 674 1424 scrutentur,
716 1377 894 1415 dementia
932 1377 1071 1426 plecti,
1123 1389 1206 1416 nam

97 1447 228 1493 Deos,
262 1459 345 1485 cum
381 1458 457 1485 non
490 1449 693 1495 prodeant,
723 1459 766 1484 eo
797 1448 881 1496 ipso
908 1446 1138 1495 significare,
1167 1460 1207 1485 se

98 1518 198 1555 nolle
219 1517 263 1556 ab
287 1517 501 1555 hominibus
524 1517 700 1565 cognosci
730 1515 814 1566 (1).

149 1586 288 1625 Omnes
318 1586 430 1635 igitur
454 1588 579 1635 legeS,
613 1598 706 1633 quae
732 1597 808 1623 non
836 1597 855 1622 a
881 1586 1024 1633 populo
1052 1584 1088 1622 in
1115 1583 1206 1623 civi-

99 1655 238 1694 tatibus
275 1656 433 1694 sancitae
469 1665 582 1702 sunt,
621 1657 685 1694 sed
723 1664 839 1693 tamen
866 1656 964 1702 apud
992 1665 1120 1693 omnes
1147 1666 1208 1691 va»

100 1725 203 1771 lent,
231 1736 325 1772 quae
347 1736 536 1773 praec-epta
564 1734 650 1762 sunt
663 1725 836 1771 moralia,
863 1736 882 1761 a
910 1725 991 1762 Deo
1018 1724 1209 1762 institutas

101 1805 182 1831 esse
195 1794 451 1833 existimabam
476 1797 608 1832 etenim
636 1806 757 1832 secum
788 1794 926 1831 ducunt
952 1804 1104 1842 poenam
1132 1793 1210 1832 ine-

101 1861 313 1911 vitabilem,
340 1864 442 1911 quod
468 1865 641 1913 majorem
658 1866 813 1914 arguit,
840 1877 952 1916 quam
978 1865 1177 1903 humanum
1193 1890 1206 1908 ,

101 1933 345 1984 legislatorem
378 1934 462 1983 (ει).
543 1933 581 1972 Si
619 1945 834 1981 quaeramus
851 1961 863 1980 ,
912 1933 1102 1980 quomodo
1145 1932 1211 1970 Dii-

93 2004 216 2042 hasce·
230 2004 329 2051 leges
350 2002 525 2040 tulerint:
553 2004 749 2040 nonnullas
774 2002 1019 2039 instituerunt
1038 2012 1104 2049 per
1127 2012 1208 2038 ora·

1143 2081 1215 2107 cu-

146 2173 312 2213 (1)Mem.
335 2172 401 2203 111.
423 2182 452 2203 c.
473 2182 502 2213 9.
524 2173 556 2212 §-
582 2181 630 2202 12.
652 2182 703 2211 sq.
728 2170 790 2205 lv.
813 2183 840 2204 c.
864 2182 894 2202 2·
915 2174 943 2209 S.
965 2181 1015 2211 29·
1037 2185 1059 2195 -
1083 2181 1111 2201 c.
1126 2182 1154 2212 7·
1176 2167 1215 2208 §9

106 2227 136 2258 6.
160 2227 235 2258 coll.
262 2237 290 2259 c.
315 2227 345 2256 3.
367 2228 399 2267 §.
421 2224 471 2257 14.
495 2226 522 2256 1.
544 2234 572 2255 c.
589 2234 618 2256 ι.
645 2224 736 2265 §.14-

150 2286 197 2328 (2)
219 2286 317 2316 Mem.
337 2285 398 2317 lv.
420 2296 449 2316 c·
470 2285 499 2316 4..
522 2281 549 2323 §.
572 2284 621 2317 24·
