1487 2625
501 169 886 215 ORATIO.
1198 165 1254 214 [1²5

143 312 311 364 nostrae
338 304 538 364 princeps
567 303 747 348 Curator
775 301 1135 351 excellentissimus
1162 302 1255 347 Ca-

141 381 428 442 pellenius:
462 381 578 439 cujus
606 380 930 425 munificentiam
953 381 1088 440 palam
1130 394 1254 425 com-

140 459 480 511 memorandam,
556 465 596 502 et
645 458 689 501 in
726 458 959 502 Annalibus
1000 457 1253 502 Academiae

140 535 484 595 perscribendam
514 550 603 579 esse
629 529 906 589 arbitramur-3
940 549 1113 592 eamque
1144 533 1253 593 grati

140 612 357 656 laudamus
394 626 479 654 non
509 611 638 655 modo
668 617 846 669 propter
882 611 1023 669 operis
1054 611 1252 669 pretium,

141 695 233 733 utut
264 688 420 746 grande
439 720 450 741 ‚
484 688 557 731 sed
589 694 766 746 propter
792 688 1024 745 exemplum
1048 689 1253 742 maxime,

143 764 258 822 quod
288 780 311 808 a
338 764 409 807 tali
436 771 604 808 auctore
624 765 857 823 profectum
880 778 964 808 non
994 765 1150 823 poterit
1166 779 1254 810 non

143 842 396 899 quandoque
434 841 536 885 alios
572 840 797 884 nobiliores
833 841 941 886 cives
981 849 1176 896 nostros,
1204 849 1252 887 ut

141 919 287 964 eodem
315 918 443 962 modo
471 919 720 962 voluntatem
745 933 859 962 suam
885 934 981 976 erga
996 920 1254 964 academiam

142 996 381 1049 declarent,
411 995 605 1039 excitare.
636 1024 643 1031 -.
665 995 753 1039 Nec
782 1003 922 1039 tamen
952 996 1053 1040 haec
1082 997 1169 1041 sola
1196 997 1253 1040 li-

140 1070 339 1115 beralitas
365 1070 666 1114 Bibliothecam
691 1077 876 1114 nostram
902 1071 1061 1117 ditavit.
1106 1072 1251 1131 Opera

140 1147 368 1207 physiciet
393 1147 677 1191 mathematici
703 1149 934 1205 argumenti
965 1150 1088 1193 debet
1114 1150 1253 1194 dona-

139 1223 223 1267 tori
262 1223 324 1268 Cl.
359 1223 577 1278 Mollio3
621 1224 840 1282 gratificati
867 1232 962 1269 sunt
989 1226 1110 1270 etiam
1141 1228 1252 1271 ultro

140 1299 272 1343 libros
296 1293 475 1343 modesti
515 1299 623 1344 cives
641 1333 652 1354 ‚
690 1301 948 1361 bibliopolae
975 1304 1097 1347 Alth
1110 1305 1251 1349 erius

140 1383 179 1420 et
207 1376 316 1418 Van
347 1375 441 1419 der
474 1376 723 1422 Monden.
785 1380 959 1423 Publica
996 1388 1132 1425 autem
1169 1396 1252 1440 pe·—

141 1451 260 1496 cunia
305 1452 585 1498 bibliothecae
627 1468 824 1500 concessa
874 1457 928 1506 ad
967 1458 1250 1503 continuanda

136 1544 248 1586 ‚quae
274 1529 523 1574 haberemus
549 1545 679 1590 opera
706 1531 897 1585 suffecit,
915 1535 981 1578 ad
1005 1549 1112 1579 nova
1127 1550 1251 1581 com-

139 1607 329 1666 paranda
357 1621 442 1651 non
466 1607 578 1652 item.
637 1611 730 1667 Qua
760 1611 940 1669 proinde
964 1610 1158 1657 effectum
1185 1621 1248 1658 est

81 1718 85 1722 a
139 1683 309 1736 saltem,
337 1698 389 1728 ne
418 1684 517 1728 illud
548 1687 778 1731 communis
805 1689 990 1733 utilitatis
1015 1689 1247 1735 institutum

139 1758 428 1805 detrimentum
457 1769 640 1820 caperet.
684 1764 886 1821 Reliqua,
918 1781 1024 1823 quae
1044 1768 1245 1827 propriae

137 1843 234 1881 sunt
261 1836 470 1887 utilitatis,
505 1847 619 1883 sarta
657 1847 766 1884 tecta
802 1841 943 1887 itidem
972 1846 1129 1888 servari
1161 1860 1273 1904 po-.

135 1920 312 1958 tuerunt.
388 1915 515 1959 Plane
554 1917 893 1977 mineralogicum
933 1921 1121 1966 Museum
1163 1924 1245 1970 hoc

135 2004 254 2048 anno*
276 1990 352 2034 fuit
380 1998 544 2034 auctum
571 1994 758 2052 pluribus
795 1996 968 2055 egregiis
1003 1999 1246 2056 specimini-
1290 2034 1296 2039 .

133 2067 213 2116 bus
263 2081 491 2127 corporum
539 2070 798 2115 mineralium
857 2081 897 2117 et
936 2075 1159 2130 sossssium,
1201 2078 1244 2121 in

130 2144 353 2190 Boi-ussiae
396 2145 626 2192 Rhenanae
670 2149 737 2193 illa
783 2158 927 2209 parte,
980 2153 1044 2196 cui
1079 2158 1244 2212 prae'e'st

132 2222 417 2280 Collegium
446 2224 759 2272 minei-arum
785 2242 1101 2286 supremum,
1128 2233 1241 2289 quod
