1487 2625
221 225 271 262 44
446 204 1110 248 COMMENTATIO

217 322 301 372 Jam
342 321 379 359 in
418 326 633 368 argumento
665 314 1024 367 physico-theologico
1063 312 1247 360 vidimus,
1287 325 1334 353 ex

221 403 293 438 eo,
320 390 423 439 quod
448 388 571 426 omnia
599 395 683 434 apte
707 385 751 422 ad
777 385 867 422 fines
894 382 1072 431 quosdam
1100 383 1332 432 attingendos

219 461 426 508 composita
453 457 529 495 sint
546 485 557 502 ,
597 454 772 493 concludi
797 455 842 491 ad
870 463 1034 490 naturam
1065 455 1246 499 quandam
1273 466 1337 491 su·

219 530 429 580 periorem,
479 526 623 564 ratione
659 523 874 573 praeditam.
937 522 1190 570 Deos*porro
1227 533 1336 562 vocat

217 603 297 645 τοὺς
323 601 373 640 ταὶ
393 599 555 647 μέγιστοι
582 597 641 636 καὶ
668 596 855 635 κάλλιστοι
891 593 1140 641 συντάξαντας
1157 621 1170 639 ,
1211 595 1337 631 maxi·

216 681 364 708 marum
411 677 447 705 et
487 666 832 719 pulcherrimarum
882 673 1011 700 rerum
1049 670 1220 700 auctores
1248 661 1334 711 (1).

215 741 338 779 Deum
376 737 466 776 dicit
503 735 788 783 composuisse,
829 741 865 770 et
902 731 1092 769 continere
1127 731 1330 780 mundum,

213 813 248 850 ἐν
270 807 295 859 ᾧ
316 809 439 850 πάντα
464 808 514 847 τὰ
538 806 638 846 καλοὶ
664 805 723 843 καὶ
750 802 877 850 ἀγαθοὶ
897 804 974 842 ἔστι
1001 800 1085 850 (2).

269 879 342 918 Sed
381 875 549 924 inprimis
598 872 776 911 mundum
820 870 870 907 ita
929 869 1076 907 ordinat
1108 869 1211 908 Deus
1228 895 1242 916 ,
1290 877 1333 906 ut

214 948 408 987 hominum
438 943 560 983 omnia
584 941 809 982 utilitatibus
829 938 1055 977 inserviant:
1096 939 1230 976 horum
1253 940 1332 977 usi-

214 1019 286 1056 bus
324 1015 447 1055 omnia
487 1010 795 1052 accommodavit.
863 1009 1036 1057 Reliquis
1082 1008 1332 1047 animantibus

214 1086 398 1138 prospicit
427 1084 605 1133 quidem,
646 1081 711 1119 sed
741 1081 823 1118 ideo
860 1087 1027 1126 tantum,
1068 1088 1110 1117 ut
1133 1079 1218 1117 haec
1245 1089 1336 1127 pro-

213 1157 289 1196 sint
327 1148 572 1200 hominibus3
614 1152 728 1189 homo
767 1149 1007 1198 praecipuum
1040 1157 1098 1186 est
1140 1147 1332 1187 Socrati

211 1239 321 1267 curae
356 1224 502 1264 divinae
539 1231 575 1260 et
610 1221 798 1270 obJ‘ectum
839 1228 874 1256 et
900 1220 1179 1256 documentum.
1216 1217 1332 1267 Quod

210 1299 284 1349 jam
320 1293 604 1334 observavimus
640 1290 678 1327 in
705 1296 923 1336 argumento
953 1289 1189 1337 telcologico,
1229 1288 1333 1334 quod

216 1368 437 1406 Socrates
477 1360 693 1400 desumebat
735 1358 780 1396 ab
820 1357 865 1396 iis
892 1357 1031 1404 rebus,
1072 1368 1167 1405 quae
1188 1357 1333 1396 homini

173 1422 175 1427 ⁴
213 1436 408 1475 utilitatem
433 1431 604 1471 afferunt.
660 1430 758 1468 Idem
788 1429 860 1466 hoc
896 1427 980 1465 fuse
1003 1428 1161 1476 explicat
1189 1427 1228 1466 in
1255 1429 1335 1466 col-

212 1506 352 1554 loquiis
377 1515 462 1542 cum
489 1501 800 1541 Aristodemo
828 1506 863 1535 et
887 1498 1221 1546 Euthydemo‚
1248 1498 1332 1545 qui·

213 1577 284 1614 bus
337 1583 379 1612 ut
425 1572 670 1621 persuadeat,
726 1570 828 1608 Deos
884 1579 941 1605 res
986 1567 1163 1606 humanas
1201 1578 1330 1605 curare

213 1647 379 1692 adeoque
404 1641 583 1680 colendos
605 1650 716 1685 esse,
771 1638 960 1683 ostendit,
1001 1648 1111 1684 quam
1149 1637 1331 1675 benevole

214 1724 251 1753 et
288 1713 472 1762 sapienter
508 1710 632 1748 omnia
669 1707 862 1746 hominum
903 1718 1012 1744 causa
1047 1707 1329 1754 disposuerint,

216 1794 401 1834 quamque
438 1780 572 1819 eximie
605 1780 713 1827 ipsos
747 1788 833 1825 prae
870 1775 1021 1823 reliquis
1052 1775 1227 1814 omnibus
1251 1776 1332 1814 ani-

214 1854 402 1894 mantibus
446 1847 723 1890 exornaverint.
788 1846 851 1884 Sic
890 1857 982 1884 V.c.
1020 1845 1125 1884 affert
1151 1841 1329 1894 'corporis

214 1924 371 1965 formam
386 1931 559 1967 erectam,
581 1918 783 1966 loquelam,
812 1916 970 1964 aliaque.
1004 1916 1115 1965 „Sed
1129 1915 1329 1963 ,’'inquit,

218 2025 242 2044 „
269 1995 372 2042 quod
395 1992 561 2030 omnium
587 1999 771 2029 summum
801 1995 884 2034 est,
924 1986 1017 2033 Dii,
1061 1996 1138 2023 non
1161 1985 1329 2024 contenti

218 2093 242 2114 „
266 2075 425 2113 corpore
473 2061 635 2098 humano
679 2049 921 2103 exornando,
968 2054 1326 2105 praestantissimum

1207 2153 1231 2173 n
1258 2125 1328 2163 ho·

257 2228 303 2268 (1)
336 2226 390 2256 Cf.
410 2227 507 2256 Mem.
532 2223 610 2260 I.,c.
637 2222 668 2254 4.
695 2225 725 2261 §0
752 2221 802 2252 13.

257 2294 304 2334 (2)
340 2292 392 2323 Cf.
414 2293 510 2323 DIem.
535 2290 596 2322 1V.
621 2300 650 2320 c.
671 2289 700 2319 5.
725 2290 756 2329 §·
780 2286 830 2319 13.
