1487 2625
243 217 310 260 με
460 212 1121 268 COMMENTATIQ

291 320 427 358 Eadem
459 328 619 357 ceterum
656 328 859 357 cernuntur
896 321 1144 368 phaenomena
1178 322 1214 359 in
1243 324 1344 360 solu·

236 390 340 439 tione
373 389 520 437 cupri,
561 401 781 437 quamquam
828 391 935 427 color
966 391 1094 428 viridis
1123 393 1340 430 Ammoniae

236 459 422 507 additione
448 458 485 496 in
522 460 729 497 caeruleum
759 468 947 507 mutatur,
987 472 1072 498 cum
1104 462 1342 500 mutationem

221 528 333 579 ,illam
371 539 448 566 non
484 528 715 567 observarem
734 557 747 577 ,
784 529 817 567 si
849 530 952 568 acido
987 530 1230 569 Arsenicoso‘
1253 528 1344 570 usus

239 595 410 645 inissem.

286 667 416 705 Prouti
442 668 489 706 de
512 668 747 717 sulphatibus
772 669 872 708 Ferri
900 669 1269 719 Schweigger‚
1294 669 1344 708 ita

235 736 290 774 W
305 737 316 773 i
331 746 345 774 t
359 737 435 775 tin
451 749 474 786 g
497 750 564 787 per
586 740 810 777 chromatem
843 740 1017 778 Potassae
1039 740 1224 788 liquorem
1246 750 1345 778 arse-

234 807 386 845 nicalem
421 818 497 845 non
531 807 663 846 mutari
688 810 905 857 contendit,
932 811 1093 847 colorem
1121 819 1241 848 autem
1272 808 1347 846 ori-

234 876 267 913 ri
306 876 460 915 viridem
500 888 543 914 ex
568 876 727 915 Tartaro
767 879 922 919 emetico
954 880 1081 918 sotuto
1116 880 1200 927 (ἰ).
1254 879 1346 916 Pos-

234 957 392 986 tremum
429 948 520 987 illud
551 948 807 987 confirmatum
847 950 939 988 vidi.
995 951 1198 1000 Quomodo
1222 957 1343 987 autern

232 1018 335 1065 prior
375 1018 436 1055 illa
486 1019 766 1068 Wittingii
813 1021 995 1061 sententia
1040 1021 1253 1069 explicanda
1296 1019 1344 1058 sit

234 1088 402 1135 equidem
433 1088 576 1127 nescio.

284 1158 408 1206 Hujus
441 1166 560 1196 autem
598 1158 779 1207 reagentis
813 1159 1008 1197 utilitatem
1038 1171 1114 1198 non
1139 1172 1219 1199 esse
1245 1171 1345 1212 mag-

233 1236 314 1279 pam
349 1236 393 1266 ex
421 1237 532 1275 parva
565 1227 745 1276 imprimis
780 1229 859 1277 eJ'us
881 1229 1086 1267 sensilitate
1109 1229 1276 1270 efficitur.

715 1387 753 1436 §.-
811 1398 871 1437 ις·

280 1533 573 1573 Mercurius
601 1534 921 1583 sublimatus
955 1539 1285 1579 corrosivus.

280 1677 509 1718 Mercurium
547 1680 786 1720 sublimatum
826 1684 1058 1722 corrosivam
1085 1683 1339 1724 indicaverunt

227 1748 356 1795 Vest
384 1748 450 1797 (2)
477 1759 513 1786 et
537 1750 676 1788 Diilk
714 1751 797 1801 (3).

280 1817 321 1856 Si
355 1819 493 1866 liquori
526 1820 695 1868 guttatim
729 1821 908 1872 addatur,
945 1824 1072 1863 adesse
1116 1827 1336 1866 Arsenicum

225 1887 310 1934 inde
331 1888 509 1936 efficitur,
533 1890 635 1936 quod
656 1902 701 1929 ex
721 1891 947 1931 admixtione
973 1895 1182 1934 carbonatis
1210 1898 1338 1937 Potas-

1275 1978 1336 2006 sae

268 2057 321 2092 (ι)
345 2053 373 2082 Η
388 2063 404 2082 e
418 2064 435 2083 c
450 2052 471 2082 k
486 2064 502 2091 e
518 2064 533 2083 r
549 2076 558 2090 ,
581 2056 708 2087 Annal.
727 2058 817 2088 1831.
841 2059 898 2090 Bd.
921 2060 1020 2091 XXI.
1042 2072 1076 2100 p.
1112 2062 1183 2093 400.

266 2107 316 2146 (α)
345 2106 366 2134 Β
381 2108 400 2136 ii
418 2117 434 2136 c
449 2106 469 2135 h
482 2117 503 2136 n
517 2117 533 2136 e
547 2107 591 2149 r'tt
609 2110 841 2149 Repertorium
853 2132 862 2149 ,
897 2111 959 2144 VI.
980 2123 1012 2152 p.
1030 2124 1100 2156 107.
1124 2116 1176 2145 Cf.
1198 2120 1219 2147 B
1235 2127 1250 2146 t·
1263 2127 1279 2146 a
1292 2128 1335 2147 n-

225 2165 317 2202 ᾀίι,
341 2165 363 2194 1.
389 2175 417 2194 c.
443 2175 476 2204 p.
496 2167 567 2205 278.

266 2219 315 2258 (5)
339 2218 427 2247 Berl.
450 2219 635 2262 Jahrbgder
649 2221 785 2255 Pharm,
805 2223 941 2266 xxm.
966 2236 998 2265 p.
1023 2237 1093 2259 ποι.
1118 2228 1170 2260 Cf,
1196 2231 1218 2259 Β
1233 2241 1278 2261 ra
1293 2242 1335 2262 n..

220 2274 241 2309 d
255 2285 270 2304 θ’
284 2284 319 2311 Β)
342 2271 420 2312 ibid·
