1487 2625
170 103 223 145 Qlt
412 101 547 145 ADR.
580 100 747 145 CATH.
781 100 1037 146 HOLTIUS

175 244 214 278 et
244 237 285 278 in
322 236 495 279 consilio
529 234 753 279 habebant.
786 239 788 241 ’
843 234 1111 279 Academiam
1142 233 1280 277 animo

178 311 491 368 concipiebant,
520 311 584 354 cui
599 310 823 354 liberalitas
840 311 1102 368 dignitatem,
1122 308 1283 352 doctri-

176 401 227 428 na
249 387 531 430 auctoritatem
546 400 623 443 per
637 393 767 428 totam
790 386 1003 444 Europam
1026 384 1279 428 conciliaret.

175 462 350 505 Exstant
375 462 560 520 Epistola
589 461 795 520 Principis
822 469 860 504 et
880 461 1028 506 Edicta
1051 461 1282 512 ordinum,

177 540 263 594 ejus
294 538 474 582 liberalis
500 538 660 582 consilii
688 538 945 590 testimonia,
972 552 1079 594 quae
1101 552 1186 580 non
1211 552 1283 580 re-

177 616 339 667 citabo,
373 614 447 659 etsi
471 615 598 672 digna
618 614 719 657 mihi
731 615 944 666 videntur,
972 628 1078 670 quae
1093 613 1286 657 omnibus

178 691 415 734 solennibus
463 691 687 734 recitentur
726 691 770 733 in
810 691 1004 734 omnibus
1052 689 1285 734 academiis.

179 769 266 812 Nec
289 768 417 826 magis
449 768 648 820 referam,
689 768 839 824 quibus
873 783 921 811 ex
948 766 1155 810 nobilibus
1181 780 1286 824 gen-

178 845 288 887 tibus
314 843 521 903 peregrini
553 859 602 887 ex
635 844 858 894 Borussia‚
894 843 1082 902 Ungria,
1113 843 1286 886 Britan-

178 921 246 963 nia
273 929 311 964 et
337 920 585 971 Germania,
617 935 694 978 per
723 921 874 963 multos
899 934 1030 962 annos
1053 918 1286 962 academias

181 1006 346 1041 nostras
378 997 642 1041 celebrarint.
705 997 898 1039 Profecto
929 997 1051 1053 longa
1083 996 1136 1038 sit
1166 1009 1288 1038 com-

179 1073 438 1117 memoratio.
514 1073 598 1117 Sed
647 1074 759 1115 malo
803 1073 845 1115 in
887 1073 1127 1116 memoriam
1169 1072 1287 1118 vobis

179 1165 374 1194 revocare
404 1151 539 1193 claros
573 1150 681 1192 viros
713 1157 860 1200 testes,
893 1156 931 1191 et
961 1156 1147 1207 partem,
1169 1149 1286 1206 ipsos

180 1226 319 1272 effecti
353 1226 525 1271 consilii.
589 1225 699 1282 Quid
726 1226 886 1283 igitur?
919 1225 1046 1268 Estne
1069 1224 1181 1280 quod
1207 1238 1288 1283 pe„

178 1302 343 1360 regrina
357 1301 525 1345 nomina
541 1294 712 1345 excitem
727 1333 738 1352 ‚
753 1315 858 1357 quae
874 1301 1107 1344 academias
1124 1308 1288 1344 nostras

176 1379 454 1422 illustrarunt:
532 1378 915 1436 Spanhemios,
960 1378 1285 1431 Matthaeos‚

178 1455 430 1507 Albinos,
463 1455 802 1507 Gronovios‚
839 1455 1021 1512 aliosque
1045 1455 1287 1499 innumera-‘-

178 1532 281 1575 biles
304 1546 460 1590 prope,
492 1546 669 1588 quorum
696 1532 882 1589 plerique
908 1546 983 1590 per
1008 1532 1107 1575 alias
1131 1533 1287 1591 patriae

180 1609 412 1652 academias
447 1609 565 1664 quasi
592 1608 881 1660 ambularunt,
925 1616 968 1650 ut
1009 1608 1052 1651 in
1095 1609 1287 1653 Leidensi

178 1685 522 1742 acquiescerent?
573 1685 723 1727 Vivunt
754 1684 890 1728 adhuc
915 1682 1053 1737 multi,
1078 1693 1117 1728 et
1136 1686 1286 1730 adsunt

178 1761 260 1804 hoc
295 1761 411 1810 loco,
455 1760 525 1816 qui
568 1760 720 1803 Leidae
751 1760 969 1804 Pestelium
1001 1761 1218 1815 viderunt,
1246 1771 1287 1807 et

178 1839 327 1880 heroe's
362 1837 405 1878 in
445 1836 592 1880 Literis
640 1837 1015 1881 Ruhnkenium
1052 1846 1091 1882 et
1130 1840 1288 1898 Wyt-

178 1912 549 1966 tenbachium3
579 1913 762 1969 Trajecti
787 1913 1021 1966 Saxium‚
1048 1915 1288 1959 Henner-

177 1989 324 2040 tium,
357 1988 595 2032 flavium.
647 1990 700 2032 At
731 1991 998 2034 recordemur
1019 1991 1138 2034 etiam
1161 2007 1286 2048 quam

180 2064 334 2108 difficili
371 2079 526 2122 opera,
569 2073 808 2122 quantoque
851 2074 1042 2125 sumptu,
1093 2067 1149 2110 illi
1187 2069 1286 2112 clari

176 2140 254 2185 <xla-i
293 2140 345 2183 ad
375 2154 452 2183 nos
484 2141 661 2184 traducti
692 2141 796 2192 sint,
839 2141 1034 2198 multique
1074 2150 1288 2200 praeterea
