<?xml version="1.0" encoding="UTF-8"?>
<!DOCTYPE html PUBLIC "-//W3C//DTD XHTML 1.0 Transitional//EN"
    "http://www.w3.org/TR/xhtml1/DTD/xhtml1-transitional.dtd">
<html xmlns="http://www.w3.org/1999/xhtml" xml:lang="en" lang="en">
 <head>
  <title>
</title>
<meta http-equiv="Content-Type" content="text/html;charset=utf-8" />
  <meta name='ocr-system' content='tesseract 3.04.00' />
  <meta name='ocr-capabilities' content='ocr_page ocr_carea ocr_par ocr_line ocrx_word'/>
</head>
<body>
  <div class='ocr_page' id='page_1' title='image "annalesacademiae35rhen_0081.png"; bbox 0 0 1487 2625; ppageno 0'>
   <div class='ocr_carea' id='block_1_1' title="bbox 493 194 1243 243">
    <p class='ocr_par' dir='ltr' id='par_1_1' title="bbox 493 194 1243 243">
     <span class='ocr_line' id='line_1_1' title="bbox 493 194 1243 243; baseline 0.005 -4"><span class='ocrx_word' id='word_1_1' title='bbox 493 194 878 241; x_wconf 82' lang='lat' dir='ltr'><strong>ORATIO.</strong></span> <span class='ocrx_word' id='word_1_2' title='bbox 1185 202 1243 243; x_wconf 81' lang='lat'><strong>37</strong></span> 
     </span>
    </p>
   </div>
   <div class='ocr_carea' id='block_1_2' title="bbox 81 327 1235 2311">
    <p class='ocr_par' dir='ltr' id='par_1_2' title="bbox 81 327 1235 2311">
     <span class='ocr_line' id='line_1_2' title="bbox 123 327 1235 383; baseline 0.004 -11"><span class='ocrx_word' id='word_1_3' title='bbox 123 341 222 373; x_wconf 77' lang='lat' dir='ltr'><strong>sors</strong></span> <span class='ocrx_word' id='word_1_4' title='bbox 269 327 505 383; x_wconf 83' lang='lat' dir='ltr'>mortalium</span> <span class='ocrx_word' id='word_1_5' title='bbox 547 329 656 382; x_wconf 86' lang='lat' dir='ltr'><strong>sert,</strong></span> <span class='ocrx_word' id='word_1_6' title='bbox 708 329 842 374; x_wconf 83' lang='lat' dir='ltr'><strong>tristia</strong></span> <span class='ocrx_word' id='word_1_7' title='bbox 882 331 998 375; x_wconf 86' lang='lat' dir='ltr'><strong>laetis</strong></span> <span class='ocrx_word' id='word_1_8' title='bbox 1040 331 1235 377; x_wconf 81' lang='lat' dir='ltr'><strong>admixta.</strong></span> 
     </span>
     <span class='ocr_line' id='line_1_3' title="bbox 129 401 1235 461; baseline 0.005 -15"><span class='ocrx_word' id='word_1_9' title='bbox 129 401 288 447; x_wconf 86' lang='lat' dir='ltr'><strong>Sedent</strong></span> <span class='ocrx_word' id='word_1_10' title='bbox 336 403 597 461; x_wconf 81' lang='lat' dir='ltr'><strong>frequentes,</strong></span> <span class='ocrx_word' id='word_1_11' title='bbox 646 404 718 461; x_wconf 90' lang='lat' dir='ltr'><strong>qui</strong></span> <span class='ocrx_word' id='word_1_12' title='bbox 756 405 824 449; x_wconf 92' lang='lat' dir='ltr'><strong>hic</strong></span> <span class='ocrx_word' id='word_1_13' title='bbox 872 406 1076 453; x_wconf 11' lang='lat' dir='ltr'><strong>*sederunt</strong></span> <span class='ocrx_word' id='word_1_14' title='bbox 1126 422 1235 451; x_wconf 88' lang='lat' dir='ltr'><strong>anno</strong></span> 
     </span>
     <span class='ocr_line' id='line_1_4' title="bbox 123 480 1230 538; baseline 0.005 -15"><span class='ocrx_word' id='word_1_15' title='bbox 123 480 346 538; x_wconf 85' lang='lat' dir='ltr'><strong>proximo,</strong></span> <span class='ocrx_word' id='word_1_16' title='bbox 388 487 474 524; x_wconf 85' lang='lat' dir='ltr'><strong>tam</strong></span> <span class='ocrx_word' id='word_1_17' title='bbox 521 482 747 525; x_wconf 81' lang='lat' dir='ltr'>Curatores</span> <span class='ocrx_word' id='word_1_18' title='bbox 782 497 908 538; x_wconf 89' lang='lat' dir='ltr'><strong>quam</strong></span> <span class='ocrx_word' id='word_1_19' title='bbox 949 484 1230 530; x_wconf 81' lang='lat' dir='ltr'><strong>Professores.</strong></span> 
     </span>
     <span class='ocr_line' id='line_1_5' title="bbox 123 555 1231 617; baseline 0.003 -16"><span class='ocrx_word' id='word_1_20' title='bbox 123 555 278 601; x_wconf 66' lang='lat' dir='ltr'><strong>vivunt</strong></span> <span class='ocrx_word' id='word_1_21' title='bbox 310 564 349 601; x_wconf 87' lang='lat' dir='ltr'><strong>et</strong></span> <span class='ocrx_word' id='word_1_22' title='bbox 376 558 532 610; x_wconf 87' lang='lat' dir='ltr'><strong>valent,</strong></span> <span class='ocrx_word' id='word_1_23' title='bbox 563 572 724 615; x_wconf 92' lang='lat' dir='ltr'><strong>nosque</strong></span> <span class='ocrx_word' id='word_1_24' title='bbox 750 558 904 617; x_wconf 83' lang='lat' dir='ltr'><strong>gratias</strong></span> <span class='ocrx_word' id='word_1_25' title='bbox 937 574 1059 617; x_wconf 83' lang='lat' dir='ltr'><strong>agere</strong></span> <span class='ocrx_word' id='word_1_26' title='bbox 1085 560 1231 617; x_wconf 87' lang='lat' dir='ltr'><strong>jubent</strong></span> 
     </span>
     <span class='ocr_line' id='line_1_6' title="bbox 121 632 1233 692; baseline 0.003 -15"><span class='ocrx_word' id='word_1_27' title='bbox 121 632 217 678; x_wconf 85' lang='lat' dir='ltr'><strong>Deo</strong></span> <span class='ocrx_word' id='word_1_28' title='bbox 246 633 421 692; x_wconf 84' lang='lat' dir='ltr'><strong>Optimo</strong></span> <span class='ocrx_word' id='word_1_29' title='bbox 449 633 647 679; x_wconf 81' lang='lat' dir='ltr'><strong>Maximo.</strong></span> <span class='ocrx_word' id='word_1_30' title='bbox 708 635 950 692; x_wconf 83' lang='lat' dir='ltr'><strong>Lugendam</strong></span> <span class='ocrx_word' id='word_1_31' title='bbox 972 642 1119 680; x_wconf 63' lang='lat' dir='ltr'><strong>‘tamen</strong></span> <span class='ocrx_word' id='word_1_32' title='bbox 1150 637 1233 680; x_wconf 87' lang='lat' dir='ltr'><strong>ha-</strong></span> 
     </span>
     <span class='ocr_line' id='line_1_7' title="bbox 126 697 1232 770; baseline 0.003 -16"><span class='ocrx_word' id='word_1_33' title='bbox 126 710 219 754; x_wconf 74' lang='lat' dir='ltr'><strong>buit</strong></span> <span class='ocrx_word' id='word_1_34' title='bbox 262 725 311 754; x_wconf 79' lang='lat' dir='ltr'><strong>ex</strong></span> <span class='ocrx_word' id='word_1_35' title='bbox 347 710 622 754; x_wconf 71' lang='lat' dir='ltr'><strong>Curatorihus</strong></span> <span class='ocrx_word' id='word_1_36' title='bbox 667 711 728 754; x_wconf 82' lang='lat'>111.</span> <span class='ocrx_word' id='word_1_37' title='bbox 776 711 809 755; x_wconf 87' lang='lat' dir='ltr'>L</span> <span class='ocrx_word' id='word_1_38' title='bbox 822 697 1074 770; x_wconf 62' lang='lat' dir='ltr'><strong>yndenfis</strong></span> <span class='ocrx_word' id='word_1_39' title='bbox 1105 713 1232 757; x_wconf 73' lang='lat' dir='ltr'><strong>filiam</strong></span> 
     </span>
     <span class='ocr_line' id='line_1_8' title="bbox 123 786 1230 841; baseline 0.004 -11"><span class='ocrx_word' id='word_1_40' title='bbox 123 786 434 841; x_wconf 86' lang='lat' dir='ltr'><strong>dulcissimam,</strong></span> <span class='ocrx_word' id='word_1_41' title='bbox 475 788 622 831; x_wconf 86' lang='lat' dir='ltr'><strong>defleta</strong></span> <span class='ocrx_word' id='word_1_42' title='bbox 660 788 845 832; x_wconf 90' lang='lat' dir='ltr'><strong>nondum</strong></span> <span class='ocrx_word' id='word_1_43' title='bbox 885 797 1020 833; x_wconf 85' lang='lat' dir='ltr'><strong>morte</strong></span> <span class='ocrx_word' id='word_1_44' title='bbox 1057 790 1230 835; x_wconf 78' lang='lat' dir='ltr'><strong>dilectae</strong></span> 
     </span>
     <span class='ocr_line' id='line_1_9' title="bbox 118 864 1229 922; baseline 0.003 -14"><span class='ocrx_word' id='word_1_45' title='bbox 118 864 322 922; x_wconf 84' lang='lat' dir='ltr'><strong>conjugis.</strong></span> <span class='ocrx_word' id='word_1_46' title='bbox 385 864 533 910; x_wconf 83' lang='lat' dir='ltr'><strong>Uxore</strong></span> <span class='ocrx_word' id='word_1_47' title='bbox 574 865 812 918; x_wconf 84' lang='lat' dir='ltr'><strong>carissima,</strong></span> <span class='ocrx_word' id='word_1_48' title='bbox 844 865 951 909; x_wconf 90' lang='lat' dir='ltr'><strong>vitae</strong></span> <span class='ocrx_word' id='word_1_49' title='bbox 985 867 1229 911; x_wconf 73' lang='lat' dir='ltr'><strong>suae&#39;socia</strong></span> 
     </span>
     <span class='ocr_line' id='line_1_10' title="bbox 117 941 1229 1000; baseline 0.003 -16"><span class='ocrx_word' id='word_1_50' title='bbox 117 947 161 985; x_wconf 89' lang='lat' dir='ltr'><strong>et</strong></span> <span class='ocrx_word' id='word_1_51' title='bbox 190 949 313 1000; x_wconf 87' lang='lat' dir='ltr'><strong>parte</strong></span> <span class='ocrx_word' id='word_1_52' title='bbox 335 941 513 999; x_wconf 84' lang='lat' dir='ltr'><strong>majori,</strong></span> <span class='ocrx_word' id='word_1_53' title='bbox 545 955 639 985; x_wconf 87' lang='lat' dir='ltr'><strong>cum</strong></span> <span class='ocrx_word' id='word_1_54' title='bbox 669 956 755 985; x_wconf 91' lang='lat' dir='ltr'><strong>non</strong></span> <span class='ocrx_word' id='word_1_55' title='bbox 779 941 958 986; x_wconf 89' lang='lat' dir='ltr'><strong>dicendo</strong></span> <span class='ocrx_word' id='word_1_56' title='bbox 994 943 1122 986; x_wconf 85' lang='lat' dir='ltr'><strong>animi</strong></span> <span class='ocrx_word' id='word_1_57' title='bbox 1145 944 1229 987; x_wconf 91' lang='lat' dir='ltr'><strong>do-</strong></span> 
     </span>
     <span class='ocr_line' id='line_1_11' title="bbox 116 1018 1228 1076; baseline 0.003 -15"><span class='ocrx_word' id='word_1_58' title='bbox 116 1018 233 1071; x_wconf 84' lang='lat' dir='ltr'><strong>lore,</strong></span> <span class='ocrx_word' id='word_1_59' title='bbox 264 1025 380 1062; x_wconf 86' lang='lat' dir='ltr'><strong>caret</strong></span> <span class='ocrx_word' id='word_1_60' title='bbox 406 1019 567 1076; x_wconf 84' lang='lat' dir='ltr'><strong>col-lega</strong></span> <span class='ocrx_word' id='word_1_61' title='bbox 597 1025 740 1062; x_wconf 89' lang='lat' dir='ltr'><strong>noster</strong></span> <span class='ocrx_word' id='word_1_62' title='bbox 766 1019 843 1062; x_wconf 92' lang='lat' dir='ltr'><strong>Th</strong></span> <span class='ocrx_word' id='word_1_63' title='bbox 859 1019 1098 1063; x_wconf 88' lang='lat' dir='ltr'><strong>eodorus</strong></span> <span class='ocrx_word' id='word_1_64' title='bbox 1128 1020 1167 1063; x_wconf 85' lang='lat' dir='ltr'><strong>G·</strong></span> <span class='ocrx_word' id='word_1_65' title='bbox 1178 1035 1228 1064; x_wconf 81' lang='lat' dir='ltr'><strong>e-</strong></span> 
     </span>
     <span class='ocr_line' id='line_1_12' title="bbox 98 1094 1226 1155; baseline 0.002 -17"><span class='ocrx_word' id='word_1_66' title='bbox 98 1094 896 1149; x_wconf 23' lang='lat' dir='ltr'><strong>·rardusvanLidthdeJeude.</strong></span> <span class='ocrx_word' id='word_1_67' title='bbox 926 1096 1226 1155; x_wconf 81' lang='lat' dir='ltr'><strong>Naturaepor-</strong></span> 
     </span>
     <span class='ocr_line' id='line_1_13' title="bbox 114 1170 1226 1231; baseline 0 -15"><span class='ocrx_word' id='word_1_68' title='bbox 114 1186 165 1216; x_wconf 86' lang='lat' dir='ltr'><strong>ro</strong></span> <span class='ocrx_word' id='word_1_69' title='bbox 180 1172 408 1225; x_wconf 80' lang='lat' dir='ltr'><strong>concessit,</strong></span> <span class='ocrx_word' id='word_1_70' title='bbox 426 1171 628 1231; x_wconf 86' lang='lat' dir='ltr'><strong>postridie</strong></span> <span class='ocrx_word' id='word_1_71' title='bbox 646 1170 855 1215; x_wconf 84' lang='lat' dir='ltr'><strong>Kalendas</strong></span> <span class='ocrx_word' id='word_1_72' title='bbox 872 1170 1070 1225; x_wconf 83' lang='lat' dir='ltr'><strong>Sextiles,</strong></span> <span class='ocrx_word' id='word_1_73' title='bbox 1094 1172 1127 1216; x_wconf 84' lang='lat' dir='ltr'>G</span> <span class='ocrx_word' id='word_1_74' title='bbox 1139 1187 1165 1216; x_wconf 95' lang='lat' dir='ltr'><strong>o</strong></span> <span class='ocrx_word' id='word_1_75' title='bbox 1178 1177 1226 1216; x_wconf 63' lang='lat' dir='ltr'><strong>r-‘</strong></span> 
     </span>
     <span class='ocr_line' id='line_1_14' title="bbox 114 1248 1227 1302; baseline 0.002 -11"><span class='ocrx_word' id='word_1_76' title='bbox 114 1249 298 1293; x_wconf 82' lang='lat' dir='ltr'><strong>nelius</strong></span> <span class='ocrx_word' id='word_1_77' title='bbox 326 1248 604 1293; x_wconf 84' lang='lat' dir='ltr'><strong>Adrianus</strong></span> <span class='ocrx_word' id='word_1_78' title='bbox 640 1263 740 1292; x_wconf 85' lang='lat' dir='ltr'><strong>van</strong></span> <span class='ocrx_word' id='word_1_79' title='bbox 773 1248 1052 1302; x_wconf 85' lang='lat' dir='ltr'><strong>Enschut,</strong></span> <span class='ocrx_word' id='word_1_80' title='bbox 1095 1250 1227 1293; x_wconf 88' lang='lat' dir='ltr'><strong>colle-</strong></span> 
     </span>
     <span class='ocr_line' id='line_1_15' title="bbox 114 1325 1223 1384; baseline 0.001 -15"><span class='ocrx_word' id='word_1_81' title='bbox 114 1340 167 1384; x_wconf 85' lang='lat' dir='ltr'><strong>ga</strong></span> <span class='ocrx_word' id='word_1_82' title='bbox 199 1325 314 1384; x_wconf 92' lang='lat' dir='ltr'><strong>ipse,</strong></span> <span class='ocrx_word' id='word_1_83' title='bbox 349 1333 389 1370; x_wconf 87' lang='lat' dir='ltr'><strong>et</strong></span> <span class='ocrx_word' id='word_1_84' title='bbox 423 1340 500 1382; x_wconf 85' lang='lat' dir='ltr'><strong>per</strong></span> <span class='ocrx_word' id='word_1_85' title='bbox 536 1325 852 1382; x_wconf 82' lang='lat' dir='ltr'><strong>quatuordeeim</strong></span> <span class='ocrx_word' id='word_1_86' title='bbox 891 1340 1024 1370; x_wconf 88' lang='lat' dir='ltr'><strong>annos</strong></span> <span class='ocrx_word' id='word_1_87' title='bbox 1065 1326 1108 1369; x_wconf 89' lang='lat' dir='ltr'><strong>in</strong></span> <span class='ocrx_word' id='word_1_88' title='bbox 1142 1326 1223 1370; x_wconf 88' lang='lat' dir='ltr'><strong>hac</strong></span> 
     </span>
     <span class='ocr_line' id='line_1_16' title="bbox 110 1401 1222 1462; baseline 0.001 -16"><span class='ocrx_word' id='word_1_89' title='bbox 110 1403 338 1447; x_wconf 82' lang='lat' dir='ltr'><strong>Academia</strong></span> <span class='ocrx_word' id='word_1_90' title='bbox 386 1401 748 1462; x_wconf 79' lang='lat' dir='ltr'><strong>Jurisprudentiae</strong></span> <span class='ocrx_word' id='word_1_91' title='bbox 791 1404 1008 1462; x_wconf 86' lang='lat' dir='ltr'><strong>professor</strong></span> <span class='ocrx_word' id='word_1_92' title='bbox 1044 1404 1222 1447; x_wconf 83' lang='lat' dir='ltr'><strong>ordina-</strong></span> 
     </span>
     <span class='ocr_line' id='line_1_17' title="bbox 110 1479 1221 1533; baseline 0.002 -10"><span class='ocrx_word' id='word_1_93' title='bbox 110 1479 210 1524; x_wconf 89' lang='lat' dir='ltr'><strong>rius.</strong></span> <span class='ocrx_word' id='word_1_94' title='bbox 243 1516 247 1520; x_wconf 75' lang='grc'>,</span> <span class='ocrx_word' id='word_1_95' title='bbox 272 1480 405 1533; x_wconf 88' lang='lat' dir='ltr'><strong>Huic,</strong></span> <span class='ocrx_word' id='word_1_96' title='bbox 439 1480 670 1524; x_wconf 83' lang='lat' dir='ltr'><strong>causariam</strong></span> <span class='ocrx_word' id='word_1_97' title='bbox 696 1480 936 1524; x_wconf 84' lang='lat' dir='ltr'><strong>missionem</strong></span> <span class='ocrx_word' id='word_1_98' title='bbox 960 1481 1083 1525; x_wconf 87' lang='lat' dir='ltr'><strong>bonis</strong></span> <span class='ocrx_word' id='word_1_99' title='bbox 1114 1496 1221 1525; x_wconf 80' lang='lat' dir='ltr'><strong>con-</strong></span> 
     </span>
     <span class='ocr_line' id='line_1_18' title="bbox 111 1556 1212 1617; baseline 0.003 -17"><span class='ocrx_word' id='word_1_100' title='bbox 111 1556 338 1602; x_wconf 88' lang='lat' dir='ltr'><strong>ditionibus</strong></span> <span class='ocrx_word' id='word_1_101' title='bbox 365 1557 431 1600; x_wconf 83' lang='lat' dir='ltr'><strong>vix</strong></span> <span class='ocrx_word' id='word_1_102' title='bbox 456 1565 705 1610; x_wconf 78' lang='lat' dir='ltr'><strong>consecuto,</strong></span> <span class='ocrx_word' id='word_1_103' title='bbox 729 1557 912 1601; x_wconf 80' lang='lat' dir='ltr'><strong>Libitina</strong></span> <span class='ocrx_word' id='word_1_104' title='bbox 935 1573 1081 1603; x_wconf 86' lang='lat' dir='ltr'><strong>manus</strong></span> <span class='ocrx_word' id='word_1_105' title='bbox 1109 1560 1212 1617; x_wconf 89' lang='lat' dir='ltr'><strong>inje-</strong></span> 
     </span>
     <span class='ocr_line' id='line_1_19' title="bbox 109 1633 1219 1680; baseline 0.002 -2"><span class='ocrx_word' id='word_1_106' title='bbox 109 1633 179 1679; x_wconf 86' lang='lat' dir='ltr'><strong>cit.</strong></span> <span class='ocrx_word' id='word_1_107' title='bbox 252 1634 384 1678; x_wconf 85' lang='lat' dir='ltr'><strong>Natus</strong></span> <span class='ocrx_word' id='word_1_108' title='bbox 422 1641 510 1678; x_wconf 88' lang='lat' dir='ltr'><strong>erat</strong></span> <span class='ocrx_word' id='word_1_109' title='bbox 549 1633 801 1678; x_wconf 77' lang='lat' dir='ltr'><strong>Euschutius</strong></span> <span class='ocrx_word' id='word_1_110' title='bbox 846 1641 990 1678; x_wconf 83' lang='lat' dir='ltr'><strong>noster</strong></span> <span class='ocrx_word' id='word_1_111' title='bbox 1037 1637 1219 1680; x_wconf 83' lang='lat' dir='ltr'><strong>Arenaci</strong></span> 
     </span>
     <span class='ocr_line' id='line_1_20' title="bbox 108 1696 1216 1770; baseline 0.003 -16"><span class='ocrx_word' id='word_1_112' title='bbox 108 1696 401 1764; x_wconf 30' lang='lat' dir='ltr'><strong>annos1778,</strong></span> <span class='ocrx_word' id='word_1_113' title='bbox 444 1710 643 1768; x_wconf 85' lang='lat' dir='ltr'><strong>vigesimo</strong></span> <span class='ocrx_word' id='word_1_114' title='bbox 684 1710 916 1765; x_wconf 85' lang='lat' dir='ltr'><strong>Januario,</strong></span> <span class='ocrx_word' id='word_1_115' title='bbox 961 1712 1130 1770; x_wconf 87' lang='lat' dir='ltr'><strong>ibique,</strong></span> <span class='ocrx_word' id='word_1_116' title='bbox 1173 1714 1216 1757; x_wconf 89' lang='lat' dir='ltr'><strong>in</strong></span> 
     </span>
     <span class='ocr_line' id='line_1_21' title="bbox 105 1787 1216 1847; baseline 0.005 -15"><span class='ocrx_word' id='word_1_117' title='bbox 105 1788 270 1832; x_wconf 86' lang='lat' dir='ltr'><strong>urbano</strong></span> <span class='ocrx_word' id='word_1_118' title='bbox 304 1787 557 1847; x_wconf 85' lang='lat' dir='ltr'><strong>Gymnasio,</strong></span> <span class='ocrx_word' id='word_1_119' title='bbox 596 1788 834 1833; x_wconf 87' lang='lat' dir='ltr'><strong>academiae</strong></span> <span class='ocrx_word' id='word_1_120' title='bbox 864 1787 1077 1845; x_wconf 82' lang='lat' dir='ltr'><strong>eruditus,</strong></span> <span class='ocrx_word' id='word_1_121' title='bbox 1102 1792 1216 1837; x_wconf 86' lang='lat' dir='ltr'><strong>Har-</strong></span> 
     </span>
     <span class='ocr_line' id='line_1_22' title="bbox 106 1864 1213 1924; baseline 0.005 -16"><span class='ocrx_word' id='word_1_122' title='bbox 106 1864 292 1909; x_wconf 84' lang='lat' dir='ltr'><strong>derovici</strong></span> <span class='ocrx_word' id='word_1_123' title='bbox 321 1878 453 1924; x_wconf 89' lang='lat' dir='ltr'><strong>porro</strong></span> <span class='ocrx_word' id='word_1_124' title='bbox 484 1880 562 1924; x_wconf 84' lang='lat' dir='ltr'><strong>per</strong></span> <span class='ocrx_word' id='word_1_125' title='bbox 588 1865 826 1910; x_wconf 84' lang='lat' dir='ltr'><strong>sexennium</strong></span> <span class='ocrx_word' id='word_1_126' title='bbox 861 1867 906 1911; x_wconf 88' lang='lat' dir='ltr'><strong>in</strong></span> <span class='ocrx_word' id='word_1_127' title='bbox 936 1868 1069 1912; x_wconf 86' lang='lat' dir='ltr'><strong>bonas</strong></span> <span class='ocrx_word' id='word_1_128' title='bbox 1102 1878 1213 1914; x_wconf 76' lang='lat' dir='ltr'><strong>artes</strong></span> 
     </span>
     <span class='ocr_line' id='line_1_23' title="bbox 105 1941 1211 2004; baseline 0.004 -18"><span class='ocrx_word' id='word_1_129' title='bbox 105 1957 156 1987; x_wconf 89' lang='lat' dir='ltr'><strong>ac</strong></span> <span class='ocrx_word' id='word_1_130' title='bbox 182 1941 531 2001; x_wconf 83' lang='lat' dir='ltr'><strong>jurisprudentiae</strong></span> <span class='ocrx_word' id='word_1_131' title='bbox 554 1942 690 1986; x_wconf 80' lang='lat' dir='ltr'><strong>studia</strong></span> <span class='ocrx_word' id='word_1_132' title='bbox 714 1943 938 1998; x_wconf 82' lang='lat' dir='ltr'><strong>incubui-t,</strong></span> <span class='ocrx_word' id='word_1_133' title='bbox 955 1954 1211 2004; x_wconf 86' lang='lat' dir='ltr'><strong>praecepto-</strong></span> 
     </span>
     <span class='ocr_line' id='line_1_24' title="bbox 100 2019 1210 2078; baseline 0.004 -13"><span class='ocrx_word' id='word_1_134' title='bbox 100 2021 220 2066; x_wconf 82' lang='lat' dir='ltr'><strong>ribus</strong></span> <span class='ocrx_word' id='word_1_135' title='bbox 254 2036 376 2074; x_wconf 90' lang='lat' dir='ltr'><strong>usus,</strong></span> <span class='ocrx_word' id='word_1_136' title='bbox 406 2021 449 2063; x_wconf 88' lang='lat' dir='ltr'><strong>in</strong></span> <span class='ocrx_word' id='word_1_137' title='bbox 477 2019 557 2064; x_wconf 88' lang='lat' dir='ltr'><strong>hac</strong></span> <span class='ocrx_word' id='word_1_138' title='bbox 588 2020 799 2078; x_wconf 86' lang='lat' dir='ltr'><strong>Kempero</strong></span> <span class='ocrx_word' id='word_1_139' title='bbox 826 2028 862 2064; x_wconf 79' lang='lat' dir='ltr'><strong>et</strong></span> <span class='ocrx_word' id='word_1_140' title='bbox 894 2021 1120 2076; x_wconf 73' lang='lat' dir='ltr'><strong>Gramma,</strong></span> <span class='ocrx_word' id='word_1_141' title='bbox 1165 2025 1210 2069; x_wconf 88' lang='lat' dir='ltr'><strong>in</strong></span> 
     </span>
     <span class='ocr_line' id='line_1_25' title="bbox 99 2096 1209 2159; baseline 0.003 -17"><span class='ocrx_word' id='word_1_142' title='bbox 99 2098 285 2143; x_wconf 81' lang='lat' dir='ltr'><strong>Historia</strong></span> <span class='ocrx_word' id='word_1_143' title='bbox 321 2097 484 2156; x_wconf 79' lang='lat' dir='ltr'><strong>egregio</strong></span> <span class='ocrx_word' id='word_1_144' title='bbox 504 2096 705 2145; x_wconf 84' lang='lat' dir='ltr'><strong>Rhocrio.</strong></span> <span class='ocrx_word' id='word_1_145' title='bbox 747 2096 910 2154; x_wconf 83' lang='lat' dir='ltr'><strong>Quibus</strong></span> <span class='ocrx_word' id='word_1_146' title='bbox 936 2099 1081 2143; x_wconf 84' lang='lat' dir='ltr'><strong>studiis</strong></span> <span class='ocrx_word' id='word_1_147' title='bbox 1106 2116 1209 2159; x_wconf 86' lang='lat' dir='ltr'><strong>per-</strong></span> 
     </span>
     <span class='ocr_line' id='line_1_26' title="bbox 81 2160 1204 2236; baseline 0.006 -19"><span class='ocrx_word' id='word_1_148' title='bbox 81 2160 203 2219; x_wconf 43' lang='lat' dir='ltr'><strong>sactis</strong></span> <span class='ocrx_word' id='word_1_149' title='bbox 219 2207 231 2228; x_wconf 91' lang='lat'><strong>,</strong></span> <span class='ocrx_word' id='word_1_150' title='bbox 300 2173 538 2234; x_wconf 82' lang='lat' dir='ltr'><strong>Specimine</strong></span> <span class='ocrx_word' id='word_1_151' title='bbox 594 2178 649 2216; x_wconf 79' lang='lat' dir='ltr'><strong>cle</strong></span> <span class='ocrx_word' id='word_1_152' title='bbox 707 2176 1020 2230; x_wconf 76' lang='lat' dir='ltr'><strong>Imputatione</strong></span> <span class='ocrx_word' id='word_1_153' title='bbox 1066 2180 1204 2236; x_wconf 84' lang='lat' dir='ltr'><strong>palam</strong></span> 
     </span>
     <span class='ocr_line' id='line_1_27' title="bbox 95 2250 1205 2311; baseline 0.004 -14"><span class='ocrx_word' id='word_1_154' title='bbox 95 2252 295 2306; x_wconf 81' lang='lat' dir='ltr'><strong>defenso,</strong></span> <span class='ocrx_word' id='word_1_155' title='bbox 326 2251 526 2297; x_wconf 72' lang='lat' dir='ltr'><strong>Doctoris</strong></span> <span class='ocrx_word' id='word_1_156' title='bbox 557 2251 697 2295; x_wconf 72' lang='lat' dir='ltr'><strong>laurea</strong></span> <span class='ocrx_word' id='word_1_157' title='bbox 724 2250 767 2294; x_wconf 87' lang='lat' dir='ltr'><strong>in</strong></span> <span class='ocrx_word' id='word_1_158' title='bbox 798 2258 974 2309; x_wconf 75' lang='lat' dir='ltr'><strong>utroque</strong></span> <span class='ocrx_word' id='word_1_159' title='bbox 1011 2254 1100 2311; x_wconf 84' lang='lat' dir='ltr'><strong>jure</strong></span> <span class='ocrx_word' id='word_1_160' title='bbox 1127 2256 1205 2301; x_wconf 62' lang='lat' dir='ltr'><strong>de«-</strong></span> 
     </span>
    </p>
   </div>
  </div>
 </body>
</html>
