1487 2625
453 181 867 222 CHEMICA.
1179 194 1221 230 13

115 295 271 334 multum
311 292 429 330 adhuc
468 293 539 330 olei
576 292 763 329 continere
797 290 992 337 videatur,
1026 292 1108 328 c'um
1149 290 1221 329 hoc

113 363 190 402 fere
216 363 270 400 nil
297 362 370 400 nisi
399 362 619 410 picamarum
648 373 727 398 esse
753 363 864 398 solet.

163 431 296 470 Oleum
311 459 323 478 ‚
351 431 390 469 in
417 431 618 479 recipiente
644 431 697 468 sic
725 429 946 478 acquisitum
962 458 975 478 ,
996 431 1162 469 solvatur
1182 431 1221 469 in

113 501 244 540 lixivio
279 510 429 550 potasae
465 501 648 540 causticae
678 513 765 547 1‚12
792 501 909 549 pond.
936 512 1038 550 spec.
1093 502 1226 540 Rema-

113 582 207 609 nens
244 571 332 609 satis
368 582 498 618 magna
533 571 636 619 eupii
675 571 839 608 nondum
887 572 1001 609 soluti
1040 572 1226 620 quantitas

115 653 245 679 rursus
273 650 330 678 est
357 641 569 690 separanda.
634 640 790 679 Calefiat
821 641 961 679 solutio
989 641 1026 680 in
1053 651 1227 681 contactu

114 710 210 750 aeris
227 738 239 757 ,
268 719 306 748 et
335 710 487 748 iteretur
513 710 784 759 decompositio
812 722 883 759 ope
902 711 996 749 acidi
1024 712 1230 761 sulphurici

118 779 240 818 diluti.
281 779 379 817 Dein
409 781 615 818 destilletur
637 781 759 818 oleum
780 789 987 829 separatum
1008 793 1091 821 cum
1111 794 1229 831 aqua,

119 860 196 896 quo
224 848 378 897 opificio
407 850 538 888 iterum
568 850 740 898 picamari
773 851 862 897 quid
889 851 927 888 in
955 861 1089 890 retorta
1115 863 1230 891 rema-

117 926 196 957 net.
244 918 376 966 Aquae
414 928 534 957 autem
575 920 816 957 admisceatur
848 933 959 969 parva
991 922 1085 961 acidi
1115 924 1233 970 phos-

119 988 268 1037 phorici
295 989 480 1036 quantitas
497 1017 509 1035 ‚
538 998 580 1026 ut
605 990 780 1027 liberetur
809 992 931 1028 oleum
958 992 1002 1030 ab
1030 994 1227 1032 ammonia.

122 1058 303 1106 Sequitur
329 1058 434 1095 tertia
461 1059 600 1096 solutio
628 1059 667 1096 in
689 1060 817 1097 lixivio
836 1070 1004 1108 potassse
1026 1063 1231 1111 causticae,

121 1130 217 1175 qua,
254 1128 456 1165 dummodo
492 1129 750 1176 praecedentes
778 1131 1011 1178 operationes
1038 1133 1130 1171 bene
1156 1134 1232 1172 sint

120 1197 336 1243 institutae,
374 1198 471 1236 haud
506 1199 664 1246 amplius
700 1201 836 1248 eupion
864 1212 1066 1250 separatur.
1119 1205 1232 1250 Nunc

121 1266 326 1304 destilletur
348 1278 431 1305 cum
458 1271 569 1315 aqua.
650 1269 787 1318 Aqua,
816 1271 1061 1322 satis'magna
1088 1280 1234 1322 quanti-

122 1344 197 1374 tate
233 1337 449 1384 transiens,
489 1347 705 1386 separetur,
742 1349 883 1379 mutato
910 1342 1123 1391 recipiente.
1177 1345 1233 1383 Ut

123 1417 214 1444 vero
241 1407 529 1445 Creosotum
552 1409 601 1446 'ab
630 1409 729 1447 omni
759 1412 855 1457 aqua
879 1411 1055 1450 liberetur
1074 1424 1231 1462 vapores

123 1477 352 1515 Creosoti
379 1489 445 1525 per
471 1478 603 1517 tubum
619 1506 631 1525 ‚
661 1480 840 1527 repletum
867 1482 1081 1520 chlorureto
1107 1484 1235 1531 calcii,

124 1554 324 1585 transeant.
378 1547 526 1597 Quodsi
563 1560 653 1586 vero
690 1559 818 1587 contra
858 1552 994 1599 eupion
1021 1563 1237 1603 separetur,

125 1618 185 1653 vel
209 1616 415 1654 brunneum
442 1618 624 1666 acciperet
648 1620 810 1656 colorem
827 1649 840 1667 ‚
884 1622 1050 1668 operatio
1077 1622 1237 1663 iteranda

126 1695 182 1724 est
213 1697 296 1724 cum
334 1696 484 1736 potassa
519 1689 679 1726 caustica
714 1699 750 1727 et
785 1690 889 1727 acido
926 1692 1159 1739 sulphuricO.
1186 1716 1237 1723 —

129 1756 374 1794 Creosotu
390 1769 422 1794 m
439 1785 452 1804 ,
482 1759 544 1796 tali
572 1759 683 1797 modo
707 1759 928 1807 acquisitum
946 1789 958 1807 ,
985 1773 1062 1799 non
1089 1763 1236 1810 quidem

129 1826 293 1864 chemice
316 1837 372 1864 est
397 1839 553 1875 purum,
582 1829 648 1866 sed
674 1838 792 1867 tamen
813 1830 896 1869 usui
922 1831 1063 1869 medico
1090 1832 1241 1881 aptissi-

130 1908 245 1934 mum.
296 1898 354 1935 Ad
380 1898 668 1936 Creosotum
697 1897 813 1937 liocce
840 1901 1002 1939 chemice
1023 1914 1157 1949 purum
1179 1915 1238 1940 ac-

130 1967 346 2013 quirendum
384 1967 593 2005 etiamnunc
633 1968 832 2006 destillatio
860 1982 945 2007 cum
974 1983 1068 2018 aqua
1095 1981 1150 2008 est
1180 1973 1236 2010 in-

129 2035 341 2083 stituenda,
369 2037 452 2074 dein
477 2038 772 2076 Creosotum
800 2041 979 2077 transiens
1005 2053 1070 2088 per
1093 2053 1132 2079 se
1156 2043 1238 2080 des-

131 2105 321 2144 tillandum
337 2133 349 2151 ‚
378 2107 463 2145 dum
497 2119 653 2155 vapores
683 2107 713 2145 C
727 2120 772 2146 re
785 2120 806 2145 o
819 2120 835 2145 s
848 2121 870 2145 o
885 2111 919 2146 ti
942 2110 1007 2147 hac
1024 2111 1062 2147 in
1079 2113 1239 2150 destilla-

132 2175 232 2212 tione
255 2187 319 2223 per
342 2177 592 2213 chloruretum
618 2178 719 2215 calcii
743 2188 941 2218 transeant.
978 2179 1128 2228 Optime
1153 2194 1239 2230 pos-

134 2253 245 2282 trema
271 2245 335 2282 hac
360 2245 604 2283 destillatione
624 2249 759 2295 lampas
779 2249 982 2286 alcoholica
1002 2251 1236 2299 adhibeatur,

1172 2335 1241 2369 qua
