1487 2625
551 176 900 215 MEDICA
1236 184 1286 221 45

174 288 309 327 fuerat.
365 287 504 324 Verum
539 286 729 323 vinculum
765 278 974 331 nefarium,
1002 293 1078 330 quo
1105 292 1188 320 cum
1221 282 1286 319 hac

170 360 322 408 junctus
338 365 435 403 erat,
460 356 607 394 solvere
626 383 639 402 ,
666 356 822 392 sceleste
848 344 1061 400 concludit,
1085 353 1288 399 eodemque

175 427 286 465 modo
318 436 504 464 venenum
545 425 735 474 porrigere
768 424 912 463 statuit.
968 422 1132 470 Septima
1161 422 1206 459 ab
1232 421 1289 458 in·

172 497 348 535 troducto
389 507 532 535 veneno
567 497 687 540 hora,
724 494 1048 542 frigoreintenso
1089 501 1125 530 et
1159 493 1289 531 dolore

174 576 303 605 urente
334 567 487 614 vaginae
513 566 712 613 corripitur
738 564 913 602 foemina.
976 562 1187 600 Accedebat
1212 574 1290 600 car·

175 637 306 685 dialgia
342 645 378 674 et
412 635 577 673 vomitus
614 633 965 682 hau‘d'ieui'iiteiis,
1005 645 1088 671 cum
1128 632 1289 678 delirio,

174 707 277 754 quod
302 707 396 745 intra
422 709 466 744 28
501 706 611 743 horas
636 716 736 742 mors
764 704 1004 751 sequebatur.
1059 702 1291 742 Convulsio·

173 787 240 815 nes
267 788 344 814 non
375 776 683 814 observabantur.
713 766 858 812 '‘Labia
896 775 1032 824 majora
1067 784 1155 822 post
1190 785 1289 815 mor-

172 856 244 885 tem
283 855 386 885 erant
421 847 556 894 rubra,
592 846 725 895 vagina
770 845 917 884 dilatata
952 854 988 882 et
1020 846 1127 892 laxa,
1164 844 1289 882 cervix

174 918 270 956 uteri
295 917 400 955 hians
427 911 464 955 et
494 914 703 966 gangraena'
722 903 866 954 affecta.
935 916 1160 954 Duodenum
1199 926 1290 953 vero

172 987 458 1026 inflammatione
483 996 698 1035 correptum
723 987 812 1035 .(1).

223 1058 309 1097 Alia
345 1057 503 1095 foemina
535 1068 581 1095 ex
617 1057 740 1094 eadem
776 1068 886 1094 causa
921 1057 1149 1104 succubuit,
1183 1067 1290 1105 prae-

172 1129 307 1177 gressis
331 1127 552 1176 genitalium
586 1136 733 1165 tumore
761 1126 927 1175 insigni,
966 1126 1073 1164 fluxu
1111 1128 1285 1174 uterino,

171 1199 318 1237 vomitu
359 1207 395 1235 et
438 1197 628 1236 diarrhoea
675 1197 845 1246 copiosa.
915 1198 1042 1236 Vulva
1082 1197 1290 1245 vaginaque

175 1279 377 1317 gangraena
405 1276 506 1305 erant
531 1266 684 1305 affectae
712 1276 747 1305 et
773 1277 897 1310 tumor
912 1267 1163 1315 reperiebatur
1175 1267 1290 1320 abdo-

174 1339 315 1386 minis,
366 1338 706 1385 intestinorumque
755 1337 994 1375 inflammatio
1043 1345 1156 1384 atque
1201 1347 1289 1385 gan·

170 1420 300 1457 graena
329 1409 414 1456 (2).
841 1454 845 1455 ⁷

223 1481 290 1518 Per
321 1490 430 1516 anum
465 1477 570 1516 etiam
608 1477 828 1516 veneficium
861 1485 1030 1515 nostrum
1066 1475 1187 1515 fuisse
1206 1487 1290 1524 per·

169 1562 291 1589 actum
333 1550 460 1588 retulit
501 1550 604 1588 doct.
639 1549 703 1586 La
741 1547 1070 1596 Font—Gouzi.
1137 1546 1288 1584 Famula

172 1621 373 1668 quaedam,
406 1628 446 1658 ut
467 1620 590 1658 heram
616 1619 837 1667 interficeret
853 1646 866 1665 ‚
896 1631 944 1666 24
971 1617 1115 1656 Tartari
1141 1616 1288 1655 emetici

170 1682 306 1740 grana,
341 1691 378 1728 in
408 1691 558 1740 J’usculo
593 1691 625 1727 ei
663 1689 953 1738 propinaverat,
990 1689 1040 1726 ita
1068 1696 1216 1738 tamen,
1245 1696 1287 1724 ut

171 1761 251 1809 spei
285 1771 362 1798 non
400 1772 555 1809 prorsus
597 1761 840 1809 responderet
874 1766 1061 1807 event1153
1098 1769 1287 1807 quaprop-

171 1842 250 1877 ter,
280 1840 322 1869 ut
356 1843 511 1879 scopum
538 1843 645 1869 suum
672 1831 897 1878 attingeret,
933 1830 1105 1867 Arsenici
1139 1829 1286 1866 unciam

170 1902 208 1938 in
242 1902 388 1949 liquore
423 1902 614 1948 solutam,
650 1901 883 1940 clismatibus
928 1900 1124 1946 exhibuit,
1165 1910 1284 1947 quae,

169 1982 323 2021 propter
366 1973 482 2010 levem
522 1973 713 2019 quamdam
761 1979 953 2008 matronae
989 1968 1283 2018 aegritudinem,

168 2043 255 2081 huic
282 2051 384 2081 erant
413 2043 623 2092 injicienda.
688 2041 919 2081 Gravissima
945 2039 1126 2078 continuo
1152 2038 1287 2077 excita-

1195 2110 1284 2147 ban-

213 2196 259 2234 (1)
287 2195 450 2233 Henke,
478 2194 694 2236 Zeitsclzrfft,
724 2192 762 2222 B.
788 2192 836 2224 Π.
859 2201 979 2232 Ρ.19ο.

211 2251 257 2288 (2)
285 2251 499 2287 Ansiaux,
541 2250 660 2289 Cliniq.
695 2247 850 2286 Chirurg.
896 2256 928 2284 p.
962 2244 1030 2275 103,
1061 2254 1129 2283 seq.
1170 2242 1281 2282 Liege.

168 2304 256 2334 13³6.
