1487 2625
0 1452 2 1486 ι

0 1590 7 1773 ἰ

5 1866 9 1920 Ι

9 2078 13 2114 i,

11 2175 15 2240 ἓ

528 182 883 222 MEDICA.
1173 193 1239 231 131

129 292 259 331 deinde
303 298 489 330 saturetur
521 303 586 340 per
618 291 760 331 acidum
797 289 1148 340 hydrochloricum,
1185 298 1240 328 at-

127 373 201 412 que
221 361 457 412 Hydrogenii
491 362 702 411 sulphurati
729 372 802 410 ope
827 360 1107 410 praecipitatum
1138 361 1236 398 exci-

123 440 238 471 tetur.
292 432 502 482 Hucusque
535 434 624 471 haec
659 432 867 470 Methodus
900 431 998 469 illam
1042 430 1233 478 sequitur,

122 514 233 551 quam
268 502 443 542 indicavit
485 502 694 542 Roloff.
759 502 798 540 Si
830 501 1111 550 praecipitatum
1144 500 1237 538 iilud

123 583 202 611 non
240 573 310 611 rite
335 574 481 612 secedat
511 581 548 611 et
572 574 684 622 hujus
713 573 797 610 loco
822 580 965 610 tantum
990 571 1095 609 color
1115 570 1234 609 flavus

115 651 320 691 appareat,
351 644 477 692 liquor
496 651 744 691 evaporetur,
770 653 846 690 quo
869 640 970 680 facto
984 668 996 688 ‚
1017 639 1236 689 praecipita-

123 719 203 751 tum
239 721 409 752 exortum
456 713 655 752 filtratione
693 724 714 750 a
756 713 905 761 liquore
946 712 1163 760 sejungatur
1198 718 1237 748 et

123 793 220 830 aqua
255 784 412 822 eluatur.
467 782 699 831 Praecipitati
724 782 834 831 copia
859 782 891 820 si
917 781 1028 819 nimis
1056 792 1162 829 parca
1186 779 1237 818 sit

118 860 164 891 ut
197 865 218 891 a
252 853 350 897 filtro
384 857 542 902 separari
579 853 700 903 possit
721 882 734 901 ‚
776 851 868 890 illud
893 850 1054 890 solvitur
1082 850 1120 888 in
1145 850 1237 888 Am-

121 923 270 970 monia,
300 935 392 971 quae
423 935 489 972 per
528 922 828 972 evaporationem
854 921 892 960 in
920 920 1073 960 vasculo
1117 919 1235 957 vitreo

123 991 247 1031 denuo
279 993 497 1042 expellatur.
553 994 636 1031 Hoc
657 994 870 1042 adjlltnento
895 990 1044 1029 minima
1065 989 1237 1048 Arsenici

115 1073 206 1110 pars
238 1062 398 1111 indagari
432 1071 573 1110 potest.
628 1063 896 1111 Sulphuretum
920 1063 957 1099 in
979 1062 1111 1099 tubum
1135 1070 1236 1098 nunc

123 1130 370 1179 immittatur,
417 1133 482 1180 qui
515 1141 600 1170 ante
626 1132 713 1171 fuso
742 1134 875 1170 nitrate
908 1133 1080 1170 Potassae
1102 1138 1159 1168 est
1181 1141 1238 1167 re·

118 1203 248 1250 ³pletus
262 1211 330 1249 ,ut
351 1202 510 1241 arsenias
529 1203 706 1241 Potassae
733 1202 819 1240 inde
842 1202 1070 1251 producatur
1084 1229 1097 1248 ‚
1116 1210 1236 1248 eoque

119 1270 282 1310 formato
308 1273 345 1310 in
375 1284 469 1320 aqua
504 1274 671 1311 solvatur
705 1283 741 1310 et
775 1284 841 1321 per
873 1284 1005 1320 aquam
1041 1271 1164 1310 Calcis
1198 1271 1236 1308 in

124 1341 237 1390 hujus
253 1341 466 1380 arseniatem
485 1351 662 1381 mutetur.
692 1343 815 1392 Hujus
835 1343 935 1381 calor
958 1342 1089 1381 deinde
1114 1342 1160 1380 ad
1181 1341 1238 1379 in-

118 1411 412 1450 candescentiam
447 1411 624 1450 leviorem
657 1422 860 1460 augeatur,
899 1420 1011 1459 atque
1043 1423 1128 1450 cum
1159 1422 1238 1449 car-

117 1479 220 1518 bone
254 1491 380 1518 recens
415 1490 550 1518 exusto
580 1481 776 1519 misceatur
809 1482 847 1519 in
870 1482 987 1529 tubo,
1016 1481 1082 1531 qui
1115 1482 1153 1519 in
1175 1492 1238 1519 an-

122 1557 272 1597 gustum
311 1551 471 1588 decurrit
509 1552 742 1599 globuloque
783 1552 935 1590 desinit.
1014 1552 1238 1600 Applicetur

125 1618 159 1656 ei
195 1626 283 1657 tunc
309 1620 475 1666 flamma,
505 1632 626 1667 usque
649 1621 735 1659 dum
770 1620 830 1658 ilie
864 1620 1027 1659 diffluere
1060 1620 1237 1668 incipiat,

124 1699 202 1736 quo
238 1688 338 1727 facto
372 1690 592 1728 Arsenicum
635 1691 800 1728 elevatur
837 1698 950 1738 atque
988 1690 1104 1738 signis
1136 1699 1239 1728 antea

120 1758 302 1806 expositis
338 1759 583 1807 dignoscitur.
651 1760 731 1797 Hac
768 1760 910 1798 ratione
949 1762 993 1809 1³3
1028 1758 1240 1808 sulphureti

123 1827 292 1866 Arsenici
318 1830 420 1877 grani
446 1829 586 1874 detegit
613 1830 799 1868 Berzel
815 1831 826 1867 i
842 1842 897 1868 us
921 1830 1008 1879 (1).

119 1917 120 1921 =
174 1896 273 1936 Cum
306 1909 395 1935 vero
430 1910 540 1936 omne
565 1899 785 1937 Arsenicum
813 1900 876 1937 tali
912 1899 1056 1937 ratione
1078 1911 1099 1937 a
1125 1898 1240 1937 Calce

122 1977 199 2006 non
233 1977 422 2016 separetur
460 1968 522 2016 (p.
567 1970 702 2016 122.),
742 1980 810 2007 nec
849 1971 936 2007 haec
976 1968 1107 2018 agendi
1145 1969 1238 2006 ratio

120 2037 277 2087 simplex
301 2038 375 2076 dici
402 2038 550 2087 possit,
570 2040 681 2087 longe
717 2040 850 2077 melius
881 2039 1057 2087 videtur,
1097 2047 1138 2076 ut
1165 2046 1241 2075 sta·-

1174 2117 1238 2146 tun

157 2217 212 2257 (1)
238 2218 353 2248 Τναίΐέ
377 2218 415 2248 de
442 2218 571 2249 Chemie
586 2238 596 2256 ,
632 2216 716 2248 trad.
735 2226 793 2255 par
819 2215 844 2246 E
860 2227 873 2246 s
888 2227 900 2245 s
917 2216 925 2244 l
941 2216 950 2246 i
965 2227 984 2246 n
1000 2228 1016 2255 g
1035 2227 1050 2245 e
1066 2227 1079 2246 ι·
1097 2239 1106 2256 ,
1145 2216 1239 2247 Tom.

125 2270 170 2301 11.
193 2280 225 2309 p.
246 2270 319 2301 448.

646 2325 660 2362 I
689 2338 710 2363 2
