<?xml version="1.0" encoding="UTF-8"?>
<!DOCTYPE html PUBLIC "-//W3C//DTD XHTML 1.0 Transitional//EN"
    "http://www.w3.org/TR/xhtml1/DTD/xhtml1-transitional.dtd">
<html xmlns="http://www.w3.org/1999/xhtml" xml:lang="en" lang="en">
 <head>
  <title>
</title>
<meta http-equiv="Content-Type" content="text/html;charset=utf-8" />
  <meta name='ocr-system' content='tesseract 3.04.00' />
  <meta name='ocr-capabilities' content='ocr_page ocr_carea ocr_par ocr_line ocrx_word'/>
</head>
<body>
  <div class='ocr_page' id='page_1' title='image "annalesacademiae35rhen_0079.png"; bbox 0 0 1487 2625; ppageno 0'>
   <div class='ocr_carea' id='block_1_1' title="bbox 497 172 1244 246">
    <p class='ocr_par' dir='ltr' id='par_1_1' title="bbox 497 172 1244 246">
     <span class='ocr_line' id='line_1_1' title="bbox 497 172 1244 246; baseline 0.003 -30"><span class='ocrx_word' id='word_1_1' title='bbox 497 172 881 219; x_wconf 84' lang='lat' dir='ltr'><strong>ORATIO.</strong></span> <span class='ocrx_word' id='word_1_2' title='bbox 1182 172 1244 246; x_wconf 67' lang='lat'>⁴35</span> 
     </span>
    </p>
   </div>
   <div class='ocr_carea' id='block_1_2' title="bbox 123 302 1298 752">
    <p class='ocr_par' dir='ltr' id='par_1_2' title="bbox 123 302 1298 752">
     <span class='ocr_line' id='line_1_2' title="bbox 123 302 1298 366; baseline 0.008 -22"><span class='ocrx_word' id='word_1_3' title='bbox 123 302 333 356; x_wconf 69' lang='lat' dir='ltr'>,stanti-ae,</span> <span class='ocrx_word' id='word_1_4' title='bbox 359 319 441 360; x_wconf 92' lang='lat' dir='ltr'>qua</span> <span class='ocrx_word' id='word_1_5' title='bbox 466 305 754 364; x_wconf 84' lang='lat' dir='ltr'>collegiorum,</span> <span class='ocrx_word' id='word_1_6' title='bbox 781 320 1031 366; x_wconf 84' lang='lat' dir='ltr'>corporum,</span> <span class='ocrx_word' id='word_1_7' title='bbox 1059 306 1245 353; x_wconf 62' lang='lat' dir='ltr'>Univer‘-</span> <span class='ocrx_word' id='word_1_8' title='bbox 1296 332 1298 336; x_wconf 35' lang='grc' dir='ltr'><em>ν</em></span> 
     </span>
     <span class='ocr_line' id='line_1_3' title="bbox 133 377 1241 438; baseline 0.005 -16"><span class='ocrx_word' id='word_1_9' title='bbox 133 377 315 423; x_wconf 83' lang='lat' dir='ltr'>sitatium</span> <span class='ocrx_word' id='word_1_10' title='bbox 343 380 460 438; x_wconf 86' lang='lat' dir='ltr'>jura,</span> <span class='ocrx_word' id='word_1_11' title='bbox 486 382 644 427; x_wconf 87' lang='lat' dir='ltr'>incerta</span> <span class='ocrx_word' id='word_1_12' title='bbox 674 384 784 428; x_wconf 84' lang='lat' dir='ltr'>facta</span> <span class='ocrx_word' id='word_1_13' title='bbox 799 416 811 437; x_wconf 84' lang='grc'>,</span> <span class='ocrx_word' id='word_1_14' title='bbox 836 383 880 427; x_wconf 90' lang='lat' dir='ltr'>in</span> <span class='ocrx_word' id='word_1_15' title='bbox 904 383 1179 437; x_wconf 87' lang='lat' dir='ltr'>oblivionem,</span> <span class='ocrx_word' id='word_1_16' title='bbox 1201 391 1241 428; x_wconf 89' lang='lat' dir='ltr'>et</span> 
     </span>
     <span class='ocr_line' id='line_1_4' title="bbox 135 454 1243 521; baseline 0.005 -23"><span class='ocrx_word' id='word_1_17' title='bbox 135 454 180 498; x_wconf 88' lang='lat' dir='ltr'>in</span> <span class='ocrx_word' id='word_1_18' title='bbox 207 463 491 521; x_wconf 82' lang='lat' dir='ltr'>contemptum</span> <span class='ocrx_word' id='word_1_19' title='bbox 516 466 730 504; x_wconf 88' lang='lat' dir='ltr'>venerunt.</span> <span class='ocrx_word' id='word_1_20' title='bbox 796 459 861 503; x_wconf 90' lang='lat' dir='ltr'>De</span> <span class='ocrx_word' id='word_1_21' title='bbox 890 460 1041 503; x_wconf 89' lang='lat' dir='ltr'>saeculi</span> <span class='ocrx_word' id='word_1_22' title='bbox 1067 475 1243 519; x_wconf 83' lang='lat' dir='ltr'>perver-</span> 
     </span>
     <span class='ocr_line' id='line_1_5' title="bbox 131 532 1241 593; baseline 0.006 -18"><span class='ocrx_word' id='word_1_23' title='bbox 131 532 253 576; x_wconf 86' lang='lat' dir='ltr'>sitate</span> <span class='ocrx_word' id='word_1_24' title='bbox 282 533 418 578; x_wconf 83' lang='lat' dir='ltr'>dicere</span> <span class='ocrx_word' id='word_1_25' title='bbox 443 536 541 579; x_wconf 91' lang='lat' dir='ltr'>nolo</span> <span class='ocrx_word' id='word_1_26' title='bbox 561 567 574 589; x_wconf 88' lang='lat'><strong><em>,</em></strong></span> <span class='ocrx_word' id='word_1_27' title='bbox 600 536 714 593; x_wconf 91' lang='lat' dir='ltr'>quod</span> <span class='ocrx_word' id='word_1_28' title='bbox 742 536 924 580; x_wconf 89' lang='lat' dir='ltr'>ecclesiis</span> <span class='ocrx_word' id='word_1_29' title='bbox 952 543 991 580; x_wconf 87' lang='lat' dir='ltr'>et</span> <span class='ocrx_word' id='word_1_30' title='bbox 1019 537 1241 583; x_wconf 83' lang='lat' dir='ltr'>Universi-</span> 
     </span>
     <span class='ocr_line' id='line_1_6' title="bbox 130 609 1240 672; baseline 0.005 -20"><span class='ocrx_word' id='word_1_31' title='bbox 130 609 286 654; x_wconf 83' lang='lat' dir='ltr'>tatibus</span> <span class='ocrx_word' id='word_1_32' title='bbox 310 612 538 668; x_wconf 86' lang='lat' dir='ltr'>spoliandis</span> <span class='ocrx_word' id='word_1_33' title='bbox 551 644 562 665; x_wconf 91' lang='lat'>,</span> <span class='ocrx_word' id='word_1_34' title='bbox 592 628 717 669; x_wconf 88' lang='lat' dir='ltr'>quam</span> <span class='ocrx_word' id='word_1_35' title='bbox 737 613 943 657; x_wconf 83' lang='lat' dir='ltr'>donandis</span> <span class='ocrx_word' id='word_1_36' title='bbox 959 614 1240 672; x_wconf 81' lang='lat' dir='ltr'>augendisque</span> 
     </span>
     <span class='ocr_line' id='line_1_7' title="bbox 130 688 1241 752; baseline 0.003 -22"><span class='ocrx_word' id='word_1_37' title='bbox 130 688 285 730; x_wconf 88' lang='lat' dir='ltr'>mavult</span> <span class='ocrx_word' id='word_1_38' title='bbox 318 688 562 733; x_wconf 87' lang='lat' dir='ltr'>liberale</span> <span class='ocrx_word' id='word_1_39' title='bbox 601 690 817 748; x_wconf 85' lang='lat' dir='ltr'>appellari.</span> <span class='ocrx_word' id='word_1_40' title='bbox 867 690 932 734; x_wconf 92' lang='lat' dir='ltr'>Eo</span> <span class='ocrx_word' id='word_1_41' title='bbox 964 691 1069 734; x_wconf 88' lang='lat' dir='ltr'>enim</span> <span class='ocrx_word' id='word_1_42' title='bbox 1098 691 1241 752; x_wconf 84' lang='lat' dir='ltr'>furore</span> 
     </span>
    </p>
   </div>
   <div class='ocr_carea' id='block_1_3' title="bbox 121 762 1242 823">
    <p class='ocr_par' dir='ltr' id='par_1_3' title="bbox 121 762 1242 823">
     <span class='ocr_line' id='line_1_8' title="bbox 121 762 1242 823; baseline 0.004 -20"><span class='ocrx_word' id='word_1_43' title='bbox 121 762 201 806; x_wconf 80' lang='lat' dir='ltr'>..alii</span> <span class='ocrx_word' id='word_1_44' title='bbox 224 777 333 807; x_wconf 91' lang='lat' dir='ltr'>nunc</span> <span class='ocrx_word' id='word_1_45' title='bbox 358 763 504 822; x_wconf 90' lang='lat' dir='ltr'>populi</span> <span class='ocrx_word' id='word_1_46' title='bbox 530 765 779 823; x_wconf 83' lang='lat' dir='ltr'>praecipites</span> <span class='ocrx_word' id='word_1_47' title='bbox 804 772 1001 822; x_wconf 81' lang='lat' dir='ltr'>aguntur3</span> <span class='ocrx_word' id='word_1_48' title='bbox 1035 765 1076 808; x_wconf 88' lang='lat' dir='ltr'>in</span> <span class='ocrx_word' id='word_1_49' title='bbox 1108 765 1242 809; x_wconf 84' lang='lat' dir='ltr'>Bata-</span> 
     </span>
    </p>
   </div>
   <div class='ocr_carea' id='block_1_4' title="bbox 129 838 1299 1205">
    <p class='ocr_par' dir='ltr' id='par_1_4' title="bbox 129 838 1299 1205">
     <span class='ocr_line' id='line_1_9' title="bbox 134 838 1299 901; baseline 0.003 -19"><span class='ocrx_word' id='word_1_50' title='bbox 134 838 195 882; x_wconf 91' lang='lat' dir='ltr'>vis</span> <span class='ocrx_word' id='word_1_51' title='bbox 213 838 451 901; x_wconf 76' lang='lat' dir='ltr'>hominibus</span> <span class='ocrx_word' id='word_1_52' title='bbox 472 838 634 883; x_wconf 84' lang='lat' dir='ltr'>tantum</span> <span class='ocrx_word' id='word_1_53' title='bbox 649 855 733 884; x_wconf 90' lang='lat' dir='ltr'>non</span> <span class='ocrx_word' id='word_1_54' title='bbox 749 841 965 887; x_wconf 81' lang='lat' dir='ltr'>deferbuit.</span> <span class='ocrx_word' id='word_1_55' title='bbox 1006 841 1091 886; x_wconf 86' lang='lat' dir='ltr'>Sed</span> <span class='ocrx_word' id='word_1_56' title='bbox 1108 856 1240 900; x_wconf 83' lang='lat' dir='ltr'>apage</span> <span class='ocrx_word' id='word_1_57' title='bbox 1295 866 1299 869; x_wconf 93' lang='lat'><em>-</em></span> 
     </span>
     <span class='ocr_line' id='line_1_10' title="bbox 129 914 1240 975; baseline 0.002 -16"><span class='ocrx_word' id='word_1_58' title='bbox 129 914 247 960; x_wconf 82' lang='lat' dir='ltr'>istius</span> <span class='ocrx_word' id='word_1_59' title='bbox 275 916 495 961; x_wconf 85' lang='lat' dir='ltr'>seditiosae</span> <span class='ocrx_word' id='word_1_60' title='bbox 521 916 814 961; x_wconf 68' lang='lat' dir='ltr'>liberalitatisl</span> <span class='ocrx_word' id='word_1_61' title='bbox 863 918 1125 962; x_wconf 82' lang='lat' dir='ltr'>Gaudeamus</span> <span class='ocrx_word' id='word_1_62' title='bbox 1157 932 1240 975; x_wconf 88' lang='lat' dir='ltr'>po-</span> 
     </span>
     <span class='ocr_line' id='line_1_11' title="bbox 129 991 1237 1049; baseline 0.002 -13"><span class='ocrx_word' id='word_1_63' title='bbox 129 991 209 1036; x_wconf 87' lang='lat' dir='ltr'>tius</span> <span class='ocrx_word' id='word_1_64' title='bbox 231 1007 378 1040; x_wconf 82' lang='lat' dir='ltr'>avaras</span> <span class='ocrx_word' id='word_1_65' title='bbox 402 1007 526 1037; x_wconf 88' lang='lat' dir='ltr'>voces</span> <span class='ocrx_word' id='word_1_66' title='bbox 541 1025 554 1046; x_wconf 87' lang='lat'><strong><em>,</em></strong></span> <span class='ocrx_word' id='word_1_67' title='bbox 582 1008 688 1049; x_wconf 88' lang='lat' dir='ltr'>quae</span> <span class='ocrx_word' id='word_1_68' title='bbox 711 994 793 1037; x_wconf 91' lang='lat' dir='ltr'>hoc</span> <span class='ocrx_word' id='word_1_69' title='bbox 824 1009 934 1038; x_wconf 86' lang='lat' dir='ltr'>anno</span> <span class='ocrx_word' id='word_1_70' title='bbox 968 1010 1110 1038; x_wconf 88' lang='lat' dir='ltr'>rursus</span> <span class='ocrx_word' id='word_1_71' title='bbox 1137 1009 1237 1038; x_wconf 86' lang='lat' dir='ltr'>aca-</span> 
     </span>
     <span class='ocr_line' id='line_1_12' title="bbox 132 1067 1240 1124; baseline 0.002 -12"><span class='ocrx_word' id='word_1_72' title='bbox 132 1067 277 1112; x_wconf 88' lang='lat' dir='ltr'>demiis</span> <span class='ocrx_word' id='word_1_73' title='bbox 307 1068 461 1112; x_wconf 86' lang='lat' dir='ltr'>nostris</span> <span class='ocrx_word' id='word_1_74' title='bbox 490 1069 660 1113; x_wconf 81' lang='lat' dir='ltr'>naenias</span> <span class='ocrx_word' id='word_1_75' title='bbox 689 1069 951 1124; x_wconf 80' lang='lat' dir='ltr'>cecinerunt,</span> <span class='ocrx_word' id='word_1_76' title='bbox 986 1070 1130 1114; x_wconf 87' lang='lat' dir='ltr'>inanes</span> <span class='ocrx_word' id='word_1_77' title='bbox 1163 1072 1240 1115; x_wconf 87' lang='lat' dir='ltr'>de-</span> 
     </span>
     <span class='ocr_line' id='line_1_13' title="bbox 130 1145 1241 1205; baseline 0.002 -17"><span class='ocrx_word' id='word_1_78' title='bbox 130 1158 214 1189; x_wconf 88' lang='lat' dir='ltr'>nuo</span> <span class='ocrx_word' id='word_1_79' title='bbox 242 1145 465 1199; x_wconf 85' lang='lat' dir='ltr'>cecidisse,</span> <span class='ocrx_word' id='word_1_80' title='bbox 491 1146 687 1205; x_wconf 88' lang='lat' dir='ltr'>publico,</span> <span class='ocrx_word' id='word_1_81' title='bbox 713 1161 843 1203; x_wconf 90' lang='lat' dir='ltr'>aeque</span> <span class='ocrx_word' id='word_1_82' title='bbox 872 1161 922 1190; x_wconf 90' lang='lat' dir='ltr'>ac</span> <span class='ocrx_word' id='word_1_83' title='bbox 948 1148 1112 1205; x_wconf 85' lang='lat' dir='ltr'>privato</span> <span class='ocrx_word' id='word_1_84' title='bbox 1136 1147 1241 1192; x_wconf 90' lang='lat' dir='ltr'>civi-</span> 
     </span>
    </p>
   </div>
   <div class='ocr_carea' id='block_1_5' title="bbox 120 1222 1241 1277">
    <p class='ocr_par' dir='ltr' id='par_1_5' title="bbox 120 1222 1241 1277">
     <span class='ocr_line' id='line_1_14' title="bbox 120 1222 1241 1277; baseline 0.004 -13"><span class='ocrx_word' id='word_1_85' title='bbox 120 1235 226 1273; x_wconf 77' lang='lat' dir='ltr'>um,</span> <span class='ocrx_word' id='word_1_86' title='bbox 251 1229 454 1266; x_wconf 81' lang='lat' dir='ltr'>concentu</span> <span class='ocrx_word' id='word_1_87' title='bbox 492 1222 720 1268; x_wconf 85' lang='lat' dir='ltr'>destitutas.</span> <span class='ocrx_word' id='word_1_88' title='bbox 785 1224 1075 1277; x_wconf 83' lang='lat' dir='ltr'>Gaudeamus,</span> <span class='ocrx_word' id='word_1_89' title='bbox 1104 1225 1241 1268; x_wconf 90' lang='lat' dir='ltr'>Audi-</span> 
     </span>
    </p>
   </div>
   <div class='ocr_carea' id='block_1_6' title="bbox 122 1298 1238 1512">
    <p class='ocr_par' dir='ltr' id='par_1_6' title="bbox 122 1298 1238 1512">
     <span class='ocr_line' id='line_1_15' title="bbox 130 1298 1237 1352; baseline 0.004 -11"><span class='ocrx_word' id='word_1_90' title='bbox 130 1304 268 1352; x_wconf 80' lang='lat' dir='ltr'>tores‚</span> <span class='ocrx_word' id='word_1_91' title='bbox 301 1298 384 1342; x_wconf 85' lang='lat' dir='ltr'>vita</span> <span class='ocrx_word' id='word_1_92' title='bbox 418 1306 457 1342; x_wconf 90' lang='lat' dir='ltr'>et</span> <span class='ocrx_word' id='word_1_93' title='bbox 496 1300 625 1343; x_wconf 88' lang='lat' dir='ltr'>salute</span> <span class='ocrx_word' id='word_1_94' title='bbox 667 1300 789 1344; x_wconf 88' lang='lat' dir='ltr'>huius</span> <span class='ocrx_word' id='word_1_95' title='bbox 827 1301 1088 1352; x_wconf 81' lang='lat' dir='ltr'>academiae,</span> <span class='ocrx_word' id='word_1_96' title='bbox 1123 1301 1237 1345; x_wconf 86' lang='lat' dir='ltr'>cuius</span> 
     </span>
     <span class='ocr_line' id='line_1_16' title="bbox 130 1373 1238 1434; baseline 0.003 -18"><span class='ocrx_word' id='word_1_97' title='bbox 130 1373 401 1418; x_wconf 83' lang='lat' dir='ltr'>ducentesimi</span> <span class='ocrx_word' id='word_1_98' title='bbox 431 1376 589 1419; x_wconf 82' lang='lat' dir='ltr'>natales</span> <span class='ocrx_word' id='word_1_99' title='bbox 625 1376 820 1434; x_wconf 82' lang='lat' dir='ltr'>perendie</span> <span class='ocrx_word' id='word_1_100' title='bbox 849 1375 1088 1421; x_wconf 81' lang='lat' dir='ltr'>illucebunt.</span> <span class='ocrx_word' id='word_1_101' title='bbox 1121 1377 1238 1420; x_wconf 87' lang='lat' dir='ltr'>Gau-</span> 
     </span>
     <span class='ocr_line' id='line_1_17' title="bbox 122 1450 1237 1512; baseline 0.001 -18"><span class='ocrx_word' id='word_1_102' title='bbox 122 1450 325 1503; x_wconf 60' lang='lat' dir='ltr'>deamus3</span> <span class='ocrx_word' id='word_1_103' title='bbox 355 1451 536 1505; x_wconf 83' lang='lat' dir='ltr'>interea,</span> <span class='ocrx_word' id='word_1_104' title='bbox 564 1452 662 1495; x_wconf 90' lang='lat' dir='ltr'>dum</span> <span class='ocrx_word' id='word_1_105' title='bbox 689 1451 866 1496; x_wconf 83' lang='lat' dir='ltr'>laetitiae</span> <span class='ocrx_word' id='word_1_106' title='bbox 890 1459 1060 1512; x_wconf 63' lang='lat' dir='ltr'>nostrae</span> <span class='ocrx_word' id='word_1_107' title='bbox 1088 1453 1237 1496; x_wconf 84' lang='lat' dir='ltr'>festum</span> 
     </span>
    </p>
   </div>
   <div class='ocr_carea' id='block_1_7' title="bbox 117 1529 1238 1587">
    <p class='ocr_par' dir='ltr' id='par_1_7' title="bbox 117 1529 1238 1587">
     <span class='ocr_line' id='line_1_18' title="bbox 117 1529 1238 1587; baseline 0.001 -16"><span class='ocrx_word' id='word_1_108' title='bbox 117 1535 418 1586; x_wconf 79' lang='lat' dir='ltr'>praeparatur.</span> <span class='ocrx_word' id='word_1_109' title='bbox 447 1529 524 1572; x_wconf 85' lang='lat' dir='ltr'>Est</span> <span class='ocrx_word' id='word_1_110' title='bbox 549 1529 656 1572; x_wconf 89' lang='lat' dir='ltr'>enim</span> <span class='ocrx_word' id='word_1_111' title='bbox 681 1544 729 1572; x_wconf 88' lang='lat' dir='ltr'>ea</span> <span class='ocrx_word' id='word_1_112' title='bbox 753 1529 886 1574; x_wconf 86' lang='lat' dir='ltr'>maior</span> <span class='ocrx_word' id='word_1_113' title='bbox 901 1530 1094 1587; x_wconf 84' lang='lat' dir='ltr'>profecto</span> <span class='ocrx_word' id='word_1_114' title='bbox 1114 1545 1238 1585; x_wconf 86' lang='lat' dir='ltr'>quam</span> 
     </span>
    </p>
   </div>
   <div class='ocr_carea' id='block_1_8' title="bbox 129 1604 1241 1967">
    <p class='ocr_par' dir='ltr' id='par_1_8' title="bbox 129 1604 1241 1967">
     <span class='ocr_line' id='line_1_19' title="bbox 129 1604 1238 1663; baseline 0.002 -16"><span class='ocrx_word' id='word_1_115' title='bbox 129 1604 250 1648; x_wconf 90' lang='lat' dir='ltr'>unius</span> <span class='ocrx_word' id='word_1_116' title='bbox 276 1605 356 1648; x_wconf 87' lang='lat' dir='ltr'>diei</span> <span class='ocrx_word' id='word_1_117' title='bbox 379 1605 602 1662; x_wconf 80' lang='lat' dir='ltr'>terminus,</span> <span class='ocrx_word' id='word_1_118' title='bbox 637 1606 772 1650; x_wconf 87' lang='lat' dir='ltr'>maior</span> <span class='ocrx_word' id='word_1_119' title='bbox 795 1607 965 1649; x_wconf 91' lang='lat' dir='ltr'>omnino</span> <span class='ocrx_word' id='word_1_120' title='bbox 987 1621 1112 1663; x_wconf 87' lang='lat' dir='ltr'>quam</span> <span class='ocrx_word' id='word_1_121' title='bbox 1135 1606 1238 1649; x_wconf 88' lang='lat' dir='ltr'>haec</span> 
     </span>
     <span class='ocr_line' id='line_1_20' title="bbox 129 1679 1239 1741; baseline 0.002 -18"><span class='ocrx_word' id='word_1_122' title='bbox 129 1679 314 1725; x_wconf 88' lang='lat' dir='ltr'>hiemalis</span> <span class='ocrx_word' id='word_1_123' title='bbox 357 1689 581 1740; x_wconf 84' lang='lat' dir='ltr'>tempestas</span> <span class='ocrx_word' id='word_1_124' title='bbox 627 1683 778 1740; x_wconf 83' lang='lat' dir='ltr'>capiat.</span> <span class='ocrx_word' id='word_1_125' title='bbox 853 1684 1083 1741; x_wconf 74' lang='lat' dir='ltr'>Propterea</span> <span class='ocrx_word' id='word_1_126' title='bbox 1115 1682 1239 1739; x_wconf 78' lang='lat' dir='ltr'>igitur</span> 
     </span>
     <span class='ocr_line' id='line_1_21' title="bbox 130 1757 1241 1817; baseline 0.003 -17"><span class='ocrx_word' id='word_1_127' title='bbox 130 1757 342 1801; x_wconf 82' lang='lat' dir='ltr'>decretum</span> <span class='ocrx_word' id='word_1_128' title='bbox 370 1765 430 1801; x_wconf 84' lang='lat' dir='ltr'>est</span> <span class='ocrx_word' id='word_1_129' title='bbox 457 1759 511 1801; x_wconf 91' lang='lat' dir='ltr'>ab</span> <span class='ocrx_word' id='word_1_130' title='bbox 537 1759 620 1802; x_wconf 87' lang='lat' dir='ltr'>hoc</span> <span class='ocrx_word' id='word_1_131' title='bbox 646 1758 802 1803; x_wconf 80' lang='lat' dir='ltr'>Senatu</span> <span class='ocrx_word' id='word_1_132' title='bbox 829 1759 1108 1817; x_wconf 81' lang='lat' dir='ltr'>amplissimo,</span> <span class='ocrx_word' id='word_1_133' title='bbox 1137 1774 1241 1803; x_wconf 82' lang='lat' dir='ltr'>auc-</span> 
     </span>
     <span class='ocr_line' id='line_1_22' title="bbox 132 1820 1241 1889; baseline 0.002 -14"><span class='ocrx_word' id='word_1_134' title='bbox 132 1831 299 1877; x_wconf 80' lang='lat' dir='ltr'>toritate</span> <span class='ocrx_word' id='word_1_135' title='bbox 321 1832 535 1877; x_wconf 83' lang='lat' dir='ltr'>illustrium</span> <span class='ocrx_word' id='word_1_136' title='bbox 562 1820 835 1889; x_wconf 59' lang='lat' dir='ltr'>(juratorum,</span> <span class='ocrx_word' id='word_1_137' title='bbox 861 1843 904 1878; x_wconf 90' lang='lat' dir='ltr'>ut</span> <span class='ocrx_word' id='word_1_138' title='bbox 925 1835 1124 1878; x_wconf 86' lang='lat' dir='ltr'>solemnia</span> <span class='ocrx_word' id='word_1_139' title='bbox 1139 1849 1241 1882; x_wconf 87' lang='lat' dir='ltr'>aca-</span> 
     </span>
     <span class='ocr_line' id='line_1_23' title="bbox 131 1908 1241 1967; baseline 0.003 -16"><span class='ocrx_word' id='word_1_140' title='bbox 131 1908 290 1953; x_wconf 86' lang='lat' dir='ltr'>demiae</span> <span class='ocrx_word' id='word_1_141' title='bbox 341 1908 783 1967; x_wconf 80' lang='lat' dir='ltr'>Rheno-Trajectinae</span> <span class='ocrx_word' id='word_1_142' title='bbox 829 1911 1055 1954; x_wconf 83' lang='lat' dir='ltr'>saecularia</span> <span class='ocrx_word' id='word_1_143' title='bbox 1111 1912 1241 1954; x_wconf 85' lang='lat' dir='ltr'>altera</span> 
     </span>
    </p>
   </div>
   <div class='ocr_carea' id='block_1_9' title="bbox 119 1985 1242 2046">
    <p class='ocr_par' dir='ltr' id='par_1_9' title="bbox 119 1985 1242 2046">
     <span class='ocr_line' id='line_1_24' title="bbox 119 1985 1242 2046; baseline 0.001 -17"><span class='ocrx_word' id='word_1_144' title='bbox 119 1999 216 2043; x_wconf 17' lang='lat' dir='ltr'>*non</span> <span class='ocrx_word' id='word_1_145' title='bbox 242 1985 325 2029; x_wconf 89' lang='lat' dir='ltr'>hoc</span> <span class='ocrx_word' id='word_1_146' title='bbox 364 1993 579 2045; x_wconf 70' lang='lat' dir='ltr'>tempore,</span> <span class='ocrx_word' id='word_1_147' title='bbox 625 1987 734 2031; x_wconf 88' lang='lat' dir='ltr'>inter</span> <span class='ocrx_word' id='word_1_148' title='bbox 769 1987 975 2046; x_wconf 84' lang='lat' dir='ltr'>procellas</span> <span class='ocrx_word' id='word_1_149' title='bbox 1010 1988 1242 2044; x_wconf 76' lang='lat' dir='ltr'>aequinoc-</span> 
     </span>
    </p>
   </div>
   <div class='ocr_carea' id='block_1_10' title="bbox 131 2062 1243 2197">
    <p class='ocr_par' dir='ltr' id='par_1_10' title="bbox 131 2062 1243 2197">
     <span class='ocr_line' id='line_1_25' title="bbox 131 2062 1243 2122; baseline 0.002 -17"><span class='ocrx_word' id='word_1_150' title='bbox 131 2062 273 2116; x_wconf 81' lang='lat' dir='ltr'>tiales,</span> <span class='ocrx_word' id='word_1_151' title='bbox 311 2071 553 2120; x_wconf 81' lang='lat' dir='ltr'>agerentur3</span> <span class='ocrx_word' id='word_1_152' title='bbox 593 2064 667 2108; x_wconf 90' lang='lat' dir='ltr'>sed</span> <span class='ocrx_word' id='word_1_153' title='bbox 701 2070 889 2122; x_wconf 80' lang='lat' dir='ltr'>tempore</span> <span class='ocrx_word' id='word_1_154' title='bbox 918 2064 1063 2112; x_wconf 74' lang='lat' dir='ltr'>aestati</span> <span class='ocrx_word' id='word_1_155' title='bbox 1093 2065 1243 2122; x_wconf 82' lang='lat' dir='ltr'>proxi-</span> 
     </span>
     <span class='ocr_line' id='line_1_26' title="bbox 132 2138 1242 2197; baseline 0.002 -15"><span class='ocrx_word' id='word_1_156' title='bbox 132 2153 228 2192; x_wconf 87' lang='lat' dir='ltr'>mo,</span> <span class='ocrx_word' id='word_1_157' title='bbox 259 2154 343 2197; x_wconf 91' lang='lat' dir='ltr'>quo</span> <span class='ocrx_word' id='word_1_158' title='bbox 375 2140 472 2185; x_wconf 91' lang='lat' dir='ltr'>solis</span> <span class='ocrx_word' id='word_1_159' title='bbox 500 2138 618 2196; x_wconf 57' lang='lat' dir='ltr'>luce‚&#39;</span> <span class='ocrx_word' id='word_1_160' title='bbox 650 2148 688 2185; x_wconf 87' lang='lat' dir='ltr'>ct</span> <span class='ocrx_word' id='word_1_161' title='bbox 730 2140 925 2185; x_wconf 84' lang='lat' dir='ltr'>seriarum</span> <span class='ocrx_word' id='word_1_162' title='bbox 958 2141 1161 2195; x_wconf 84' lang='lat' dir='ltr'>adventu,</span> <span class='ocrx_word' id='word_1_163' title='bbox 1199 2141 1242 2184; x_wconf 92' lang='lat' dir='ltr'>in</span> 
     </span>
    </p>
   </div>
   <div class='ocr_carea' id='block_1_11' title="bbox 134 2214 1242 2336">
    <p class='ocr_par' dir='ltr' id='par_1_11' title="bbox 134 2214 1242 2336">
     <span class='ocr_line' id='line_1_27' title="bbox 134 2214 1242 2281; baseline 0.001 -22"><span class='ocrx_word' id='word_1_164' title='bbox 134 2214 294 2261; x_wconf 86' lang='lat' dir='ltr'>civibus</span> <span class='ocrx_word' id='word_1_165' title='bbox 311 2218 561 2263; x_wconf 85' lang='lat' dir='ltr'>academicis</span> <span class='ocrx_word' id='word_1_166' title='bbox 578 2219 682 2281; x_wconf 79' lang='lat' dir='ltr'>solet</span> <span class='ocrx_word' id='word_1_167' title='bbox 696 2217 884 2274; x_wconf 84' lang='lat' dir='ltr'>hilaritas</span> <span class='ocrx_word' id='word_1_168' title='bbox 904 2218 1098 2271; x_wconf 81' lang='lat' dir='ltr'>excitari,</span> <span class='ocrx_word' id='word_1_169' title='bbox 1116 2233 1242 2275; x_wconf 81' lang='lat' dir='ltr'>quum</span> 
     </span>
     <span class='ocr_line' id='line_1_28' title="bbox 1002 2296 1100 2336; baseline 0.01 -23"><span class='ocrx_word' id='word_1_170' title='bbox 1002 2310 1004 2313; x_wconf 80' lang='grc'>,</span> <span class='ocrx_word' id='word_1_171' title='bbox 1037 2296 1062 2336; x_wconf 74' lang='grc'>3</span> <span class='ocrx_word' id='word_1_172' title='bbox 1080 2296 1100 2319; x_wconf 69' lang='grc' dir='ltr'>ιιι</span> 
     </span>
    </p>
   </div>
  </div>
 </body>
</html>
