1487 2625
412 422 588 461 CAPUT
624 419 915 470 QUARTUM.

234 555 289 583 DE
317 556 523 584 CREOSOTI
550 556 859 583 COMPOSITIONE
887 555 1097 583 CHEMICA·

159 733 324 794 Primus
343 783 356 803 ,
383 756 446 804 qui
469 754 704 803 inquisiverit
724 754 761 791 in
781 757 1076 802 compositionen
1093 758 1212 797 Creo-

121 826 195 863 soti
210 825 406 863 chemicam
423 853 437 873 ‚
463 825 536 863 fuit
557 825 592 863 E
606 834 650 863 tt
665 827 675 862 l
691 824 702 862 i
718 836 741 862 n
758 837 781 873 g
810 826 880 874 (ι)
894 853 906 872 ‚
936 835 1047 864 notus
1070 827 1213 875 disqui-

113 893 315 933 sitionibus
349 896 429 933 suis
474 896 517 933 de
552 897 635 933 cera
680 894 828 943 apium,
879 904 917 932 et
943 897 1081 944 analysi
1121 897 1214 935 acidi

112 963 336 1003 valerianiei.

164 1033 378 1082 Acquisivit
402 1045 534 1082 nempe
558 1045 602 1072 ex
627 1033 908 1072 combustione:

215 1114 334 1152 0,520
359 1103 562 1151 Creosoti‚
592 1114 702 1151 1‚421
731 1103 825 1140 acidi
849 1103 951 1143 carb.
978 1106 1077 1153 0364
1102 1117 1217 1153 aquae

215 1184 330 1222 0‚429
458 1201 483 1221 ’a
587 1183 696 1219 19191
762 1198 787 1217 θ’
890 1199 914 1216 ’⁵
974 1185 1086 1223 09301
1145 1201 1169 1220 υ

168 1243 281 1293 Quod
308 1243 345 1280 in
376 1255 446 1281 100
468 1241 637 1291 partibus
664 1241 718 1278 sie
745 1252 785 1278 se
809 1240 943 1279 habet:

431 1312 449 1349 Ι
621 1311 657 1348 ΙΙ

366 1382 707 1429 75‚561--76,757
735 1379 935 1417 Carbonici

391 1452 558 1498 7,778—.-
585 1452 701 1498 7,780
726 1449 955 1497 Hydrogenii

371 1520 708 1569 16‚661-15‚465
732 1519 932 1568 Oxygenii.

169 1589 276 1639 Quos
291 1600 464 1628 numeros
478 1588 618 1637 optime
654 1588 1001 1637 exprimitsequens
1038 1590 1217 1630 formula:

527 1658 562 1696 C
577 1661 588 1680 7
611 1657 664 1695 H⁹
687 1657 738 1696 Ο.

173 1727 272 1777 Ergo
294 1728 432 1766 ratione
461 1740 532 1766 100
556 1727 735 1777 partium:
802 1735 804 1738 '

418 1808 532 1846 77‚42
562 1797 762 1836 Carbonici

445 1868 535 1910 8,12
561 1865 789 1915 Hydrogenii

430 1937 543 1983 14‚46
570 1934 756 1985 Oxygenii

402 2053 539 2087 100‚00

1143 2096 1176 2133 D
1191 2108 1225 2134 r.

163 2169 215 2209 (ι)
240 2167 335 2198 Cons.
357 2167 513 2197 Annalen
547 2166 605 2195 der
634 2166 858 2205 Pharmacz'e,
887 2166 981 2197 Tom.
1012 2167 1074 2199 VI.
1104 2180 1134 2207 μ.
1157 2171 1229 2202 208.

125 2221 276 2253 Annales
309 2221 347 2250 de
378 2220 502 2250 Chimie
530 2225 562 2249 et
590 2220 628 2248 de
654 2219 851 2261 Plzysique,
893 2220 986 2251 'l'om-
1018 2222 1058 2252 53
1088 2234 1122 2262 p.
1155 2224 1227 2255 353.

129 2272 212 2304 Sch
228 2285 254 2304 w
267 2285 283 2303 e
296 2275 307 2303 i
319 2285 337 2313 g
350 2285 367 2314 g
381 2284 398 2302 e
411 2272 474 2303 r-S
489 2283 504 2302 e
518 2273 529 2301 i
542 2272 563 2301 d
576 2272 643 2309 el,
680 2273 787 2303 Neues
814 2274 982 2305 Jahrbucle
1018 2277 1074 2307 der
1098 2278 1228 2310 Che-mie

125 2328 193 2362 und
227 2327 363 2366 Physik.
385 2326 476 2358 1835.
500 2325 557 2357 Bd.
579 2324 680 2356 Vlll.
703 2324 738 2356 S.
762 2326 832 2358 526.
