1487 2625
352 211 946 254 THEOLoorcffi
1149 215 1200 266 ω

90 332 225 369 easque
250 321 381 371 partim
412 322 492 370 ipse
520 323 559 360 in
584 322 762 372 operibus
787 323 860 361 illis
885 324 1107 373 conspicua-s
1135 337 1196 364 osa

87 390 231 438 tendit5
287 391 424 439 partim-
457 392 502 430 de
537 393 703 431 Deorum
738 394 915 442 operibus
955 395 1005 433 ita
1044 395 1196 435 locutus

87 468 143 497 est
160 487 173 506 ,
199 468 243 498 ut
266 460 352 498 inde
378 461 517 499 efficere
543 470 746 509 queamus,
776 474 954 511 quaenam
985 464 1070 503 Diis
1101 472 1192 514 prod

80 530 282 579 prietates,
311 542 356 569 ex
380 533 468 570 Soc
480 533 596 571 ratis
622 540 771 579 mente,
802 533 1019 573 tribuendae
1049 534 1139 574 sint.

129 600 231 639 Haec
255 612 367 640 causa
391 611 472 649 est,
510 614 624 650 quare
650 603 810 651 primum
839 604 1020 652 egerimus
1047 605 1092 644 de
1119 606 1191 650 Dei

78 670 258 718 operibus
276 697 289 718 ,
316 679 354 708 et
374 671 431 709 his
453 671 633 720 expositis
657 671 847 711 veniamus
870 673 916 711 ad
939 684 1069 712 eorum
1095 677 1186 723 pro-

75 738 273 788 prietates3
298 750 380 789 nam
406 741 493 778 haec
518 741 627 779 unice
653 741 746 780 ratio
764 743 1010 793 psychologice
1025 744 1188 793 proban·

74 809 120 847 da
135 809 306 856 videtur,
338 818 374 848 et
399 811 607 859 composita
628 819 685 849 est
709 811 983 860 adrationem,
1011 812 1082 861 qua
1104 810 1186 862 ipse'

75 876 136 915 ille
152 906 165 926 ‚
195 889 304 926 quem
325 879 640 927 interpretamur,
668 890 896 929 progressus
922 890 994 920 est.

124 948 372 996 Proprietates
400 949 513 997 igitur
528 976 541 996 ,
559 969 563 978 ι
580 960 674 997 quas
694 950 1093 990 Socratesdivinae
1120 961 1186 990 na:

75 1025 186 1071 turae⁴
205 1017 415 1065 tribuebat,
443 1019 509 1057 hae
534 1027 646 1057 sunt:

122 1087 320 1139 Sapientia
336 1115 349 1135 ,
381 1099 489 1136 quam
508 1115 522 1136 ‚
546 1088 652 1136 quasi
685 1088 723 1125 in
747 1086 907 1126 maximo
937 1089 1109 1137 theatro,
1140 1088 1182 1127 in

73 1157 174 1194 omni
200 1150 373 1196 universo
400 1157 542 1204 egregie
568 1157 837 1196 manifestatam
861 1157 1051 1197 cernebat.
1081 1157 1180 1197 Hinc

71 1225 233 1264 instituit
267 1226 452 1276 egregium
488 1227 580 1265 iilud
618 1236 874 1275 argumentum
902 1227 1180 1277 tcleologicum,-

71 1295 175 1342 quod
216 1304 406 1344 exponens
453 1297 671 1334 ostendebat
688 1324 701 1342 ‚
753 1307 874 1336 rerum
917 1302 1084 1335 naturam
1129 1301 1181 1336 ita

69 1373 153 1413 apte
178 1375 215 1403 et
244 1366 427 1414 sapienter
452 1366 495 1404 ad
527 1374 649 1404 certos
682 1367 784 1405 fines*
805 1367 1043 1415 attingendos
1076 1379 1182 1407 com·

70 1434 230 1483 positam
260 1444 441 1483 essesut
466 1447 554 1474 casu
588 1436 746 1474 existere
779 1447 855 1474 non
889 1437 1079 1485 potuerit,
1112 1438 1179 1475 sed

67 1506 299 1554 agnoscenda
326 1505 379 1543 sir
401 1506 480 1554 eJ'us
506 1516 638 1552 causa,
669 1513 797 1543 natura
840 1505 1015 1553 quaedam
1051 1505 1176 1543 divina

68 1573 354 1622 sapientissima.
377 1586 381 1602 ³
408 1575 532 1612 Etiam
566 1587 610 1614 ex
640 1585 686 1613 eo
706 1603 718 1622 ‚
743 1576 845 1623 quod
868 1575 1037 1613 homines
1064 1575 1175 1613 ratio-

67 1645 126 1682 nis
163 1643 360 1693 participes
396 1644 501 1691 si‘nt‚
533 1656 686 1693 eamque
723 1644 869 1683 aliunde
896 1655 960 1682 eos
989 1644 1180 1693 accepisse

67 1726 217 1753 necesse
252 1713 326 1759 sit,
365 1714 572 1762 probabat,
615 1726 695 1753 esse
729 1723 894 1752 naturam
926 1714 1085 1752 divinam
1119 1726 1177 1752 ra-

66 1784 168 1822 tione
192 1783 407 1832 praeditam.
446 1783 489 1823 In
512 1784 736 1834 argumentis
752 1784 905 1834 igitur,
930 1784 1067 1832 quibus
1091 1796 1176 1823 esse

65 1854 167 1892 Deos
199 1854 361 1902 probat,
399 1854 607 1892 dominatur
640 1854 746 1892 notio
780 1863 945 1892 naturae
967 1856 1176 1893 ratione‘et

1 1937 3 1941 ¹
65 1927 249 1974 sapientia
273 1923 497 1975 praeditae;
530 1925 619 1962 adeo
644 1933 685 1962 ut
703 1951 717 1972 ,
739 1925 771 1962 si
795 1924 1013 1962 Socrates
1037 1924 1075 1962 id
1100 1924 1173 1961 sibi

65 2004 209 2032 sumere
241 1994 423 2032 voluisset
440 2022 453 2041 ‚
489 2003 529 2031 ut
556 1993 705 2032 divinae
733 2003 896 2032 naturae
921 1991 1172 2032 definitionem

64 2063 280 2110 exhiberet,
325 2063 373 2101 ita
411 2064 504 2101 hanc
545 2063 785 2101 instituturus
823 2062 941 2102 fuisse
979 2064 1170 2110 videatur,

5 2159 7 2163 ,
64 2146 136 2172 esse
156 2142 307 2172 mentem
327 2146 503 2171 summam
518 2161 531 2180 ,
551 2135 710 2171 omnium
725 2129 852 2171 rerum
865 2144 1029 2170 causam.
1065 2133 1172 2170 Prae-

63 2203 171 2251 cipue
204 2204 296 2241 hanc
331 2202 487 2241 divinam
524 2202 738 2250 sapientiam
763 2202 890 2240 amicis
915 2203 991 2240 suis
1019 2201 1171 2250 conspi-

63 2273 223 2312 ciendam
257 2274 450 2320 praebebat
481 2273 516 2310 in
545 2274 711 2321 ratione,
743 2285 814 2320 qua
840 2273 902 2313 Dii
933 2272 1170 2311 moderantur

574 2346 604 2383 E
635 2356 655 2381 2
1101 2355 1139 2381 ea
1156 2371 1168 2389 ‚
