<?xml version="1.0" encoding="UTF-8"?>
<!DOCTYPE html PUBLIC "-//W3C//DTD XHTML 1.0 Transitional//EN"
    "http://www.w3.org/TR/xhtml1/DTD/xhtml1-transitional.dtd">
<html xmlns="http://www.w3.org/1999/xhtml" xml:lang="en" lang="en">
 <head>
  <title>
</title>
<meta http-equiv="Content-Type" content="text/html;charset=utf-8" />
  <meta name='ocr-system' content='tesseract 3.04.00' />
  <meta name='ocr-capabilities' content='ocr_page ocr_carea ocr_par ocr_line ocrx_word'/>
</head>
<body>
  <div class='ocr_page' id='page_1' title='image "annalesacademiae35rhen_0296.png"; bbox 0 0 1487 2625; ppageno 0'>
   <div class='ocr_carea' id='block_1_1' title="bbox 253 186 1136 235">
    <p class='ocr_par' dir='ltr' id='par_1_1' title="bbox 253 186 1136 235">
     <span class='ocr_line' id='line_1_1' title="bbox 253 186 1136 235; baseline -0.003 -7"><span class='ocrx_word' id='word_1_1' title='bbox 253 201 302 235; x_wconf 63' lang='grc' dir='ltr'>,ω</span> <span class='ocrx_word' id='word_1_2' title='bbox 473 186 1136 228; x_wconf 86' lang='lat' dir='ltr'><strong>COMMENTATIO</strong></span> 
     </span>
    </p>
   </div>
   <div class='ocr_carea' id='block_1_2' title="bbox 246 295 1355 1532">
    <p class='ocr_par' dir='ltr' id='par_1_2' title="bbox 246 295 1355 1532">
     <span class='ocr_line' id='line_1_2' title="bbox 254 295 1350 336; baseline -0.005 0"><span class='ocrx_word' id='word_1_3' title='bbox 254 297 435 336; x_wconf 82' lang='lat' dir='ltr'>stituitur.</span> <span class='ocrx_word' id='word_1_4' title='bbox 515 297 733 334; x_wconf 84' lang='lat' dir='ltr'>Flavescens</span> <span class='ocrx_word' id='word_1_5' title='bbox 753 297 872 332; x_wconf 81' lang='lat' dir='ltr'>oleum</span> <span class='ocrx_word' id='word_1_6' title='bbox 902 295 1107 332; x_wconf 79' lang='lat' dir='ltr'>destinetur</span> <span class='ocrx_word' id='word_1_7' title='bbox 1139 305 1237 333; x_wconf 85' lang='lat' dir='ltr'>nunc</span> <span class='ocrx_word' id='word_1_8' title='bbox 1267 306 1350 332; x_wconf 85' lang='lat' dir='ltr'>cum</span> 
     </span>
     <span class='ocr_line' id='line_1_3' title="bbox 254 365 1351 414; baseline -0.006 -8"><span class='ocrx_word' id='word_1_9' title='bbox 254 368 382 406; x_wconf 85' lang='lat' dir='ltr'>lixivio</span> <span class='ocrx_word' id='word_1_10' title='bbox 418 375 589 414; x_wconf 82' lang='lat' dir='ltr'>potassae</span> <span class='ocrx_word' id='word_1_11' title='bbox 620 366 827 409; x_wconf 80' lang='lat' dir='ltr'>causticae,</span> <span class='ocrx_word' id='word_1_12' title='bbox 871 377 956 408; x_wconf 63' lang='lat'>1712</span> <span class='ocrx_word' id='word_1_13' title='bbox 985 365 1102 412; x_wconf 87' lang='lat' dir='ltr'>pond.</span> <span class='ocrx_word' id='word_1_14' title='bbox 1119 376 1250 411; x_wconf 72' lang='lat' dir='ltr'>spec...</span> <span class='ocrx_word' id='word_1_15' title='bbox 1291 373 1351 408; x_wconf 81' lang='lat' dir='ltr'>et,</span> 
     </span>
     <span class='ocr_line' id='line_1_4' title="bbox 255 434 1351 484; baseline -0.004 -10"><span class='ocrx_word' id='word_1_16' title='bbox 255 447 420 484; x_wconf 82' lang='lat' dir='ltr'>separato</span> <span class='ocrx_word' id='word_1_17' title='bbox 445 444 703 483; x_wconf 84' lang='lat' dir='ltr'>supernatante</span> <span class='ocrx_word' id='word_1_18' title='bbox 728 435 862 482; x_wconf 84' lang='lat' dir='ltr'>eupi0‚</span> <span class='ocrx_word' id='word_1_19' title='bbox 891 434 1030 471; x_wconf 79' lang='lat' dir='ltr'>solutio</span> <span class='ocrx_word' id='word_1_20' title='bbox 1056 434 1194 471; x_wconf 77' lang='lat' dir='ltr'>calefiat</span> <span class='ocrx_word' id='word_1_21' title='bbox 1210 463 1222 478; x_wconf 87' lang='lat'>‚</span> <span class='ocrx_word' id='word_1_22' title='bbox 1250 435 1351 471; x_wconf 86' lang='lat' dir='ltr'>dein-</span> 
     </span>
     <span class='ocr_line' id='line_1_5' title="bbox 253 504 1353 553; baseline -0.003 -10"><span class='ocrx_word' id='word_1_23' title='bbox 253 507 298 549; x_wconf 84' lang='lat' dir='ltr'>de</span> <span class='ocrx_word' id='word_1_24' title='bbox 337 516 408 553; x_wconf 88' lang='lat' dir='ltr'>ope</span> <span class='ocrx_word' id='word_1_25' title='bbox 442 505 535 543; x_wconf 86' lang='lat' dir='ltr'>acidi</span> <span class='ocrx_word' id='word_1_26' title='bbox 575 504 780 553; x_wconf 84' lang='lat' dir='ltr'>sulphurici</span> <span class='ocrx_word' id='word_1_27' title='bbox 815 504 921 541; x_wconf 88' lang='lat' dir='ltr'>diluti</span> <span class='ocrx_word' id='word_1_28' title='bbox 961 506 1277 551; x_wconf 82' lang='lat' dir='ltr'>decomponatur‚</span> <span class='ocrx_word' id='word_1_29' title='bbox 1317 511 1353 540; x_wconf 80' lang='lat' dir='ltr'>et</span> 
     </span>
     <span class='ocr_line' id='line_1_6' title="bbox 253 574 1354 622; baseline -0.001 -9"><span class='ocrx_word' id='word_1_30' title='bbox 253 586 337 613; x_wconf 87' lang='lat' dir='ltr'>cum</span> <span class='ocrx_word' id='word_1_31' title='bbox 363 585 455 621; x_wconf 84' lang='lat' dir='ltr'>aqua</span> <span class='ocrx_word' id='word_1_32' title='bbox 482 575 661 616; x_wconf 83' lang='lat' dir='ltr'>abluatur.</span> <span class='ocrx_word' id='word_1_33' title='bbox 713 574 811 612; x_wconf 86' lang='lat' dir='ltr'><strong>Dein</strong></span> <span class='ocrx_word' id='word_1_34' title='bbox 837 585 919 611; x_wconf 89' lang='lat' dir='ltr'>cum</span> <span class='ocrx_word' id='word_1_35' title='bbox 947 585 1058 622; x_wconf 87' lang='lat' dir='ltr'>parva</span> <span class='ocrx_word' id='word_1_36' title='bbox 1084 574 1204 612; x_wconf 73' lang='lat' dir='ltr'>lixivii</span> <span class='ocrx_word' id='word_1_37' title='bbox 1227 583 1354 622; x_wconf 77' lang='lat' dir='ltr'>potas-</span> 
     </span>
     <span class='ocr_line' id='line_1_7' title="bbox 253 643 1355 692; baseline 0.001 -11"><span class='ocrx_word' id='word_1_38' title='bbox 253 655 313 681; x_wconf 84' lang='lat' dir='ltr'>sae</span> <span class='ocrx_word' id='word_1_39' title='bbox 345 643 528 682; x_wconf 86' lang='lat' dir='ltr'>causticae</span> <span class='ocrx_word' id='word_1_40' title='bbox 564 645 765 691; x_wconf 86' lang='lat' dir='ltr'>quantitate</span> <span class='ocrx_word' id='word_1_41' title='bbox 804 656 891 690; x_wconf 80' lang='lat' dir='ltr'>x‚12</span> <span class='ocrx_word' id='word_1_42' title='bbox 925 644 1040 692; x_wconf 91' lang='lat' dir='ltr'>pond.</span> <span class='ocrx_word' id='word_1_43' title='bbox 1065 644 1169 691; x_wconf 82' lang='lat' dir='ltr'>sped.</span> <span class='ocrx_word' id='word_1_44' title='bbox 1198 643 1355 682; x_wconf 81' lang='lat' dir='ltr'>admixta</span> 
     </span>
     <span class='ocr_line' id='line_1_8' title="bbox 251 712 1351 761; baseline -0.002 -10"><span class='ocrx_word' id='word_1_45' title='bbox 251 714 470 753; x_wconf 75' lang='lat' dir='ltr'>destinetur.</span> <span class='ocrx_word' id='word_1_46' title='bbox 548 714 808 761; x_wconf 83' lang='lat' dir='ltr'>Destillatum,</span> <span class='ocrx_word' id='word_1_47' title='bbox 848 714 920 751; x_wconf 85' lang='lat' dir='ltr'>hoc</span> <span class='ocrx_word' id='word_1_48' title='bbox 960 714 1070 751; x_wconf 88' lang='lat' dir='ltr'>modo</span> <span class='ocrx_word' id='word_1_49' title='bbox 1102 712 1351 760; x_wconf 71' lang='lat' dir='ltr'>acquisitum,</span> 
     </span>
     <span class='ocr_line' id='line_1_9' title="bbox 251 782 1351 831; baseline 0 -10"><span class='ocrx_word' id='word_1_50' title='bbox 251 794 308 821; x_wconf 89' lang='lat' dir='ltr'>est</span> <span class='ocrx_word' id='word_1_51' title='bbox 334 785 624 822; x_wconf 83' lang='lat' dir='ltr'>Creosotum</span> <span class='ocrx_word' id='word_1_52' title='bbox 641 811 653 830; x_wconf 83' lang='lat'><strong>‚</strong></span> <span class='ocrx_word' id='word_1_53' title='bbox 682 784 784 831; x_wconf 86' lang='lat' dir='ltr'>quod</span> <span class='ocrx_word' id='word_1_54' title='bbox 807 793 926 821; x_wconf 85' lang='lat' dir='ltr'>tamen</span> <span class='ocrx_word' id='word_1_55' title='bbox 950 784 1042 822; x_wconf 68' lang='lat' dir='ltr'>aeris</span> <span class='ocrx_word' id='word_1_56' title='bbox 1072 782 1260 821; x_wconf 80' lang='lat' dir='ltr'>contactui</span> <span class='ocrx_word' id='word_1_57' title='bbox 1287 794 1351 821; x_wconf 83' lang='lat' dir='ltr'>ex-</span> 
     </span>
     <span class='ocr_line' id='line_1_10' title="bbox 250 851 1351 900; baseline 0.001 -11"><span class='ocrx_word' id='word_1_58' title='bbox 250 851 441 899; x_wconf 75' lang='lat' dir='ltr'>positum,</span> <span class='ocrx_word' id='word_1_59' title='bbox 469 853 545 890; x_wconf 88' lang='lat' dir='ltr'>cito</span> <span class='ocrx_word' id='word_1_60' title='bbox 572 854 731 889; x_wconf 82' lang='lat' dir='ltr'>colorem</span> <span class='ocrx_word' id='word_1_61' title='bbox 758 853 892 900; x_wconf 86' lang='lat' dir='ltr'>accipit</span> <span class='ocrx_word' id='word_1_62' title='bbox 920 853 1139 890; x_wconf 80' lang='lat' dir='ltr'>brunneum.</span> <span class='ocrx_word' id='word_1_63' title='bbox 1202 852 1264 890; x_wconf 76' lang='lat' dir='ltr'>Ad</span> <span class='ocrx_word' id='word_1_64' title='bbox 1293 863 1351 890; x_wconf 82' lang='lat' dir='ltr'>se-</span> 
     </span>
     <span class='ocr_line' id='line_1_11' title="bbox 248 921 1351 970; baseline 0 -12"><span class='ocrx_word' id='word_1_65' title='bbox 248 921 446 968; x_wconf 84' lang='lat' dir='ltr'>parandum</span> <span class='ocrx_word' id='word_1_66' title='bbox 483 932 569 958; x_wconf 88' lang='lat' dir='ltr'>vero</span> <span class='ocrx_word' id='word_1_67' title='bbox 610 921 831 970; x_wconf 80' lang='lat' dir='ltr'>principium</span> <span class='ocrx_word' id='word_1_68' title='bbox 871 922 1090 969; x_wconf 83' lang='lat' dir='ltr'>oxydabile‚</span> <span class='ocrx_word' id='word_1_69' title='bbox 1141 922 1351 970; x_wconf 87' lang='lat' dir='ltr'>imponatur</span> 
     </span>
     <span class='ocr_line' id='line_1_12' title="bbox 248 989 1351 1040; baseline 0.001 -13"><span class='ocrx_word' id='word_1_70' title='bbox 248 989 468 1027; x_wconf 78' lang='lat' dir='ltr'>destinatum</span> <span class='ocrx_word' id='word_1_71' title='bbox 499 1001 563 1038; x_wconf 82' lang='lat' dir='ltr'>per</span> <span class='ocrx_word' id='word_1_72' title='bbox 590 991 836 1029; x_wconf 80' lang='lat' dir='ltr'>hebdomades</span> <span class='ocrx_word' id='word_1_73' title='bbox 864 992 1007 1039; x_wconf 84' lang='lat' dir='ltr'>aliquot</span> <span class='ocrx_word' id='word_1_74' title='bbox 1041 1002 1126 1028; x_wconf 87' lang='lat' dir='ltr'>cum</span> <span class='ocrx_word' id='word_1_75' title='bbox 1161 1003 1272 1040; x_wconf 80' lang='lat' dir='ltr'>parva</span> <span class='ocrx_word' id='word_1_76' title='bbox 1306 991 1351 1028; x_wconf 82' lang='lat' dir='ltr'>li-</span> 
     </span>
     <span class='ocr_line' id='line_1_13' title="bbox 247 1059 1348 1110; baseline 0.003 -15"><span class='ocrx_word' id='word_1_77' title='bbox 247 1059 338 1103; x_wconf 71' lang='lat' dir='ltr'>xivii</span> <span class='ocrx_word' id='word_1_78' title='bbox 363 1070 512 1107; x_wconf 85' lang='lat' dir='ltr'>potasse</span> <span class='ocrx_word' id='word_1_79' title='bbox 550 1061 730 1098; x_wconf 74' lang='lat' dir='ltr'>causticae</span> <span class='ocrx_word' id='word_1_80' title='bbox 761 1073 848 1107; x_wconf 75' lang='lat'>1‚12</span> <span class='ocrx_word' id='word_1_81' title='bbox 876 1063 991 1109; x_wconf 88' lang='lat' dir='ltr'>pond.</span> <span class='ocrx_word' id='word_1_82' title='bbox 1015 1073 1118 1109; x_wconf 84' lang='lat' dir='ltr'>spec.</span> <span class='ocrx_word' id='word_1_83' title='bbox 1156 1062 1194 1098; x_wconf 86' lang='lat' dir='ltr'>in</span> <span class='ocrx_word' id='word_1_84' title='bbox 1220 1070 1348 1110; x_wconf 83' lang='lat' dir='ltr'>aperto</span> 
     </span>
     <span class='ocr_line' id='line_1_14' title="bbox 246 1129 1348 1178; baseline 0.002 -12"><span class='ocrx_word' id='word_1_85' title='bbox 246 1140 332 1166; x_wconf 86' lang='lat' dir='ltr'>vase</span> <span class='ocrx_word' id='word_1_86' title='bbox 369 1129 404 1165; x_wconf 84' lang='lat' dir='ltr'>in</span> <span class='ocrx_word' id='word_1_87' title='bbox 442 1131 566 1177; x_wconf 75' lang='lat' dir='ltr'>cella3</span> <span class='ocrx_word' id='word_1_88' title='bbox 607 1142 684 1177; x_wconf 86' lang='lat' dir='ltr'>quo</span> <span class='ocrx_word' id='word_1_89' title='bbox 720 1139 886 1178; x_wconf 86' lang='lat' dir='ltr'>tempore</span> <span class='ocrx_word' id='word_1_90' title='bbox 926 1132 1076 1178; x_wconf 72' lang='lat' dir='ltr'>elapso,</span> <span class='ocrx_word' id='word_1_91' title='bbox 1104 1131 1243 1168; x_wconf 84' lang='lat' dir='ltr'>solutio</span> <span class='ocrx_word' id='word_1_92' title='bbox 1271 1142 1348 1168; x_wconf 88' lang='lat' dir='ltr'>rec-</span> 
     </span>
     <span class='ocr_line' id='line_1_15' title="bbox 247 1197 1347 1248; baseline 0.005 -15"><span class='ocrx_word' id='word_1_93' title='bbox 247 1197 409 1235; x_wconf 82' lang='lat' dir='ltr'>tificetur</span> <span class='ocrx_word' id='word_1_94' title='bbox 427 1198 464 1235; x_wconf 90' lang='lat' dir='ltr'>in</span> <span class='ocrx_word' id='word_1_95' title='bbox 482 1209 657 1247; x_wconf 84' lang='lat' dir='ltr'>apparatu</span> <span class='ocrx_word' id='word_1_96' title='bbox 679 1199 797 1237; x_wconf 87' lang='lat' dir='ltr'>vitreo</span> <span class='ocrx_word' id='word_1_97' title='bbox 823 1212 894 1248; x_wconf 90' lang='lat' dir='ltr'>ope</span> <span class='ocrx_word' id='word_1_98' title='bbox 921 1201 1095 1248; x_wconf 82' lang='lat' dir='ltr'>lampadis</span> <span class='ocrx_word' id='word_1_99' title='bbox 1109 1201 1347 1248; x_wconf 84' lang='lat' dir='ltr'>alcoholicae.</span> 
     </span>
     <span class='ocr_line' id='line_1_16' title="bbox 249 1269 1348 1316; baseline 0 -9"><span class='ocrx_word' id='word_1_100' title='bbox 249 1269 542 1307; x_wconf 86' lang='lat' dir='ltr'>Creosotum</span> <span class='ocrx_word' id='word_1_101' title='bbox 579 1270 640 1306; x_wconf 80' lang='lat' dir='ltr'>tali</span> <span class='ocrx_word' id='word_1_102' title='bbox 678 1270 859 1307; x_wconf 82' lang='lat' dir='ltr'>methodo</span> <span class='ocrx_word' id='word_1_103' title='bbox 910 1270 1157 1316; x_wconf 79' lang='lat' dir='ltr'>acquisitum,</span> <span class='ocrx_word' id='word_1_104' title='bbox 1207 1270 1348 1309; x_wconf 84' lang='lat' dir='ltr'>etiamsi</span> 
     </span>
     <span class='ocr_line' id='line_1_17' title="bbox 247 1339 1346 1387; baseline 0.002 -12"><span class='ocrx_word' id='word_1_105' title='bbox 247 1339 409 1382; x_wconf 75' lang='lat' dir='ltr'>chemice</span> <span class='ocrx_word' id='word_1_106' title='bbox 447 1339 544 1376; x_wconf 87' lang='lat' dir='ltr'>haud</span> <span class='ocrx_word' id='word_1_107' title='bbox 582 1350 744 1387; x_wconf 79' lang='lat' dir='ltr'>purum,</span> <span class='ocrx_word' id='word_1_108' title='bbox 784 1340 841 1376; x_wconf 88' lang='lat' dir='ltr'>vel</span> <span class='ocrx_word' id='word_1_109' title='bbox 869 1340 922 1376; x_wconf 88' lang='lat' dir='ltr'>sic</span> <span class='ocrx_word' id='word_1_110' title='bbox 951 1348 1069 1377; x_wconf 86' lang='lat' dir='ltr'>tamen</span> <span class='ocrx_word' id='word_1_111' title='bbox 1094 1340 1178 1377; x_wconf 86' lang='lat' dir='ltr'>usui</span> <span class='ocrx_word' id='word_1_112' title='bbox 1204 1339 1346 1377; x_wconf 91' lang='lat' dir='ltr'>medico</span> 
     </span>
     <span class='ocr_line' id='line_1_18' title="bbox 248 1409 1347 1458; baseline 0.005 -13"><span class='ocrx_word' id='word_1_113' title='bbox 248 1417 372 1456; x_wconf 78' lang='lat' dir='ltr'>aptum</span> <span class='ocrx_word' id='word_1_114' title='bbox 409 1418 507 1454; x_wconf 86' lang='lat' dir='ltr'>erat,</span> <span class='ocrx_word' id='word_1_115' title='bbox 549 1409 690 1456; x_wconf 80' lang='lat' dir='ltr'>quippe</span> <span class='ocrx_word' id='word_1_116' title='bbox 724 1411 821 1457; x_wconf 85' lang='lat' dir='ltr'>apud</span> <span class='ocrx_word' id='word_1_117' title='bbox 855 1419 1081 1458; x_wconf 85' lang='lat' dir='ltr'>aegrotantes</span> <span class='ocrx_word' id='word_1_118' title='bbox 1121 1412 1256 1448; x_wconf 82' lang='lat' dir='ltr'>emesin</span> <span class='ocrx_word' id='word_1_119' title='bbox 1284 1421 1347 1451; x_wconf 83' lang='lat' dir='ltr'>ne-</span> 
     </span>
     <span class='ocr_line' id='line_1_19' title="bbox 247 1480 631 1532; baseline 0.005 -16"><span class='ocrx_word' id='word_1_120' title='bbox 247 1491 428 1532; x_wconf 65' lang='lat' dir='ltr'>quaquam</span> <span class='ocrx_word' id='word_1_121' title='bbox 458 1480 631 1520; x_wconf 83' lang='lat' dir='ltr'>excitans,</span> 
     </span>
    </p>
   </div>
   <div class='ocr_carea' id='block_1_3' title="bbox 745 1599 850 1645">
    <p class='ocr_par' dir='ltr' id='par_1_3' title="bbox 745 1599 850 1645">
     <span class='ocr_line' id='line_1_20' title="bbox 745 1599 850 1645; baseline 0 -9"><span class='ocrx_word' id='word_1_122' title='bbox 745 1599 784 1644; x_wconf 78' lang='lat'>§-</span> <span class='ocrx_word' id='word_1_123' title='bbox 812 1609 850 1645; x_wconf 89' lang='lat'>9.</span> 
     </span>
    </p>
   </div>
   <div class='ocr_carea' id='block_1_4' title="bbox 286 1711 1302 1833">
    <p class='ocr_par' dir='ltr' id='par_1_4' title="bbox 286 1711 1302 1833">
     <span class='ocr_line' id='line_1_21' title="bbox 286 1711 1302 1762; baseline 0.005 -14"><span class='ocrx_word' id='word_1_124' title='bbox 286 1711 346 1756; x_wconf 77' lang='lat' dir='ltr'>De</span> <span class='ocrx_word' id='word_1_125' title='bbox 366 1713 535 1762; x_wconf 79' lang='lat' dir='ltr'>parandi</span> <span class='ocrx_word' id='word_1_126' title='bbox 561 1716 726 1759; x_wconf 76' lang='lat' dir='ltr'>ratione,</span> <span class='ocrx_word' id='word_1_127' title='bbox 759 1713 953 1752; x_wconf 65' lang='lat' dir='ltr'>secandum</span> <span class='ocrx_word' id='word_1_128' title='bbox 982 1714 1017 1753; x_wconf 90' lang='lat' dir='ltr'>G</span> <span class='ocrx_word' id='word_1_129' title='bbox 1031 1715 1039 1752; x_wconf 94' lang='lat' dir='ltr'>i</span> <span class='ocrx_word' id='word_1_130' title='bbox 1053 1727 1077 1753; x_wconf 93' lang='lat' dir='ltr'>o</span> <span class='ocrx_word' id='word_1_131' title='bbox 1089 1715 1164 1753; x_wconf 89' lang='lat' dir='ltr'>rda</span> <span class='ocrx_word' id='word_1_132' title='bbox 1176 1715 1221 1753; x_wconf 89' lang='lat' dir='ltr'>ni</span> <span class='ocrx_word' id='word_1_133' title='bbox 1235 1727 1256 1754; x_wconf 90' lang='lat' dir='ltr'>u</span> <span class='ocrx_word' id='word_1_134' title='bbox 1269 1727 1302 1753; x_wconf 88' lang='lat' dir='ltr'>m</span> 
     </span>
     <span class='ocr_line' id='line_1_22' title="bbox 489 1783 1111 1833; baseline -0.002 -10"><span class='ocrx_word' id='word_1_135' title='bbox 489 1783 704 1833; x_wconf 72' lang='lat' dir='ltr'>(Augustae</span> <span class='ocrx_word' id='word_1_136' title='bbox 730 1784 1002 1833; x_wconf 76' lang='lat' dir='ltr'>Taurinorum)</span> <span class='ocrx_word' id='word_1_137' title='bbox 1031 1784 1111 1832; x_wconf 84' lang='lat'>(1).</span> 
     </span>
    </p>
   </div>
   <div class='ocr_carea' id='block_1_5' title="bbox 245 1889 1345 2218">
    <p class='ocr_par' dir='ltr' id='par_1_5' title="bbox 245 1889 1343 2146">
     <span class='ocr_line' id='line_1_23' title="bbox 297 1889 1343 1939; baseline 0.004 -14"><span class='ocrx_word' id='word_1_138' title='bbox 297 1889 361 1926; x_wconf 85' lang='lat' dir='ltr'>Pix</span> <span class='ocrx_word' id='word_1_139' title='bbox 390 1890 527 1938; x_wconf 85' lang='lat' dir='ltr'>liquida</span> <span class='ocrx_word' id='word_1_140' title='bbox 551 1891 754 1929; x_wconf 77' lang='lat' dir='ltr'>destinetur</span> <span class='ocrx_word' id='word_1_141' title='bbox 786 1890 822 1927; x_wconf 86' lang='lat' dir='ltr'>in</span> <span class='ocrx_word' id='word_1_142' title='bbox 858 1891 975 1929; x_wconf 86' lang='lat' dir='ltr'>aheno</span> <span class='ocrx_word' id='word_1_143' title='bbox 1009 1902 1175 1939; x_wconf 85' lang='lat' dir='ltr'>cupreo,</span> <span class='ocrx_word' id='word_1_144' title='bbox 1201 1891 1343 1929; x_wconf 86' lang='lat' dir='ltr'>interne</span> 
     </span>
     <span class='ocr_line' id='line_1_24' title="bbox 245 1959 1343 2005; baseline 0.001 -9"><span class='ocrx_word' id='word_1_145' title='bbox 245 1968 376 1996; x_wconf 84' lang='lat' dir='ltr'>stanno</span> <span class='ocrx_word' id='word_1_146' title='bbox 414 1959 506 1997; x_wconf 87' lang='lat' dir='ltr'>bene</span> <span class='ocrx_word' id='word_1_147' title='bbox 543 1960 732 2005; x_wconf 85' lang='lat' dir='ltr'>obducto,</span> <span class='ocrx_word' id='word_1_148' title='bbox 772 1960 991 2001; x_wconf 84' lang='lat' dir='ltr'>destillatum</span> <span class='ocrx_word' id='word_1_149' title='bbox 1029 1970 1158 1998; x_wconf 86' lang='lat' dir='ltr'>rursus</span> <span class='ocrx_word' id='word_1_150' title='bbox 1184 1959 1343 1997; x_wconf 81' lang='lat' dir='ltr'>destille-</span> 
     </span>
     <span class='ocr_line' id='line_1_25' title="bbox 247 2020 1342 2078; baseline -0.001 -11"><span class='ocrx_word' id='word_1_151' title='bbox 247 2037 306 2067; x_wconf 80' lang='lat' dir='ltr'>tur</span> <span class='ocrx_word' id='word_1_152' title='bbox 322 2058 334 2074; x_wconf 84' lang='lat'><strong>‚</strong></span> <span class='ocrx_word' id='word_1_153' title='bbox 364 2039 399 2067; x_wconf 86' lang='lat' dir='ltr'>et</span> <span class='ocrx_word' id='word_1_154' title='bbox 433 2020 653 2077; x_wconf 59' lang='lat' dir='ltr'>prodactam</span> <span class='ocrx_word' id='word_1_155' title='bbox 687 2040 871 2067; x_wconf 82' lang='lat' dir='ltr'>saturetur</span> <span class='ocrx_word' id='word_1_156' title='bbox 896 2030 1093 2067; x_wconf 69' lang='lat' dir='ltr'>ctu-bonate</span> <span class='ocrx_word' id='word_1_157' title='bbox 1118 2039 1285 2078; x_wconf 81' lang='lat' dir='ltr'>potassae</span> <span class='ocrx_word' id='word_1_158' title='bbox 1307 2039 1342 2066; x_wconf 88' lang='lat' dir='ltr'>et</span> 
     </span>
     <span class='ocr_line' id='line_1_26' title="bbox 245 2099 1339 2146; baseline 0.003 -13"><span class='ocrx_word' id='word_1_159' title='bbox 245 2099 467 2135; x_wconf 65' lang='lat' dir='ltr'>destinetur.</span> <span class='ocrx_word' id='word_1_160' title='bbox 521 2099 581 2136; x_wconf 89' lang='lat' dir='ltr'>Ne</span> <span class='ocrx_word' id='word_1_161' title='bbox 611 2107 729 2136; x_wconf 81' lang='lat' dir='ltr'>tamen</span> <span class='ocrx_word' id='word_1_162' title='bbox 751 2101 837 2136; x_wconf 86' lang='lat' dir='ltr'>haec</span> <span class='ocrx_word' id='word_1_163' title='bbox 857 2100 1051 2137; x_wconf 74' lang='lat' dir='ltr'>destillatio</span> <span class='ocrx_word' id='word_1_164' title='bbox 1074 2099 1212 2137; x_wconf 85' lang='lat' dir='ltr'>diutius</span> <span class='ocrx_word' id='word_1_165' title='bbox 1233 2110 1339 2146; x_wconf 84' lang='lat' dir='ltr'>quarn</span> 
     </span>
    </p>

    <p class='ocr_par' dir='ltr' id='par_1_6' title="bbox 1280 2181 1345 2218">
     <span class='ocr_line' id='line_1_27' title="bbox 1280 2181 1345 2218; baseline 0 -12"><span class='ocrx_word' id='word_1_166' title='bbox 1280 2181 1345 2218; x_wconf 83' lang='lat' dir='ltr'>par</span> 
     </span>
    </p>
   </div>
   <div class='ocr_carea' id='block_1_6' title="bbox 248 2235 1342 2329">
    <p class='ocr_par' dir='ltr' id='par_1_7' title="bbox 248 2235 1342 2329">
     <span class='ocr_line' id='line_1_28' title="bbox 290 2235 1342 2279; baseline 0.002 -14"><span class='ocrx_word' id='word_1_167' title='bbox 290 2236 337 2272; x_wconf 78' lang='grc' dir='ltr'>(ι)</span> <span class='ocrx_word' id='word_1_168' title='bbox 363 2235 458 2265; x_wconf 79' lang='lat' dir='ltr'>Cons.</span> <span class='ocrx_word' id='word_1_169' title='bbox 496 2238 574 2266; x_wconf 83' lang='lat' dir='ltr'>Gaz.</span> <span class='ocrx_word' id='word_1_170' title='bbox 602 2237 726 2266; x_wconf 72' lang='lat' dir='ltr'>Eclelt.</span> <span class='ocrx_word' id='word_1_171' title='bbox 751 2238 786 2266; x_wconf 76' lang='lat' dir='ltr'>di</span> <span class='ocrx_word' id='word_1_172' title='bbox 801 2239 967 2278; x_wconf 73' lang='lat' dir='ltr'>fermento</span> <span class='ocrx_word' id='word_1_173' title='bbox 984 2261 991 2271; x_wconf 83' lang='lat'><em>.</em></span> <span class='ocrx_word' id='word_1_174' title='bbox 1038 2238 1125 2269; x_wconf 82' lang='lat'>1855.</span> <span class='ocrx_word' id='word_1_175' title='bbox 1165 2250 1198 2279; x_wconf 84' lang='lat' dir='ltr'>p.</span> <span class='ocrx_word' id='word_1_176' title='bbox 1219 2238 1342 2279; x_wconf 80' lang='lat'>37‚38.</span> 
     </span>
     <span class='ocr_line' id='line_1_29' title="bbox 248 2289 1020 2329; baseline 0.003 -12"><span class='ocrx_word' id='word_1_177' title='bbox 248 2290 383 2319; x_wconf 57' lang='lat' dir='ltr'>Flam-m</span> <span class='ocrx_word' id='word_1_178' title='bbox 401 2292 507 2318; x_wconf 49' lang='lat' dir='ltr'>(Pul-r·</span> <span class='ocrx_word' id='word_1_179' title='bbox 520 2290 621 2319; x_wconf 71' lang='lat' dir='ltr'>blau.</span> <span class='ocrx_word' id='word_1_180' title='bbox 648 2290 735 2319; x_wconf 61' lang='lat'>1835.</span> <span class='ocrx_word' id='word_1_181' title='bbox 759 2289 819 2320; x_wconf 52' lang='lat' dir='ltr'>No·</span> <span class='ocrx_word' id='word_1_182' title='bbox 838 2292 884 2326; x_wconf 61' lang='grc' dir='ltr'>ιβ,</span> <span class='ocrx_word' id='word_1_183' title='bbox 907 2302 934 2329; x_wconf 79' lang='lat' dir='ltr'>p.</span> <span class='ocrx_word' id='word_1_184' title='bbox 951 2292 1020 2325; x_wconf 80' lang='grc'><em>255,</em></span> 
     </span>
    </p>
   </div>
  </div>
 </body>
</html>
