1487 2625
495 151 879 196 ORATIO.
1221 159 1247 200 9

141 283 271 328 tinere
308 298 392 326 non
425 284 572 341 potuit.
636 285 695 329 Ut
737 287 873 330 omnia
904 287 947 329 in
982 287 1049 330 illo
1086 291 1244 347 populo

141 359 195 402 ad
220 358 474 402 dominatum
501 375 636 419 prona
660 369 780 415 sunt,
811 362 895 407 sive
918 363 1216 422 despotismum
1233 398 1244 418 ,

140 442 182 479 et
213 435 348 479 sutura
378 437 450 479 diu
485 437 701 490 videntur,
732 439 798 482 illa
833 439 1113 493 Unum-sitas,
1145 457 1243 486 sex—

139 511 346 571 todecimo
376 515 540 557 saeculo
571 523 742 559 exeunte
761 548 772 566 ‚
819 519 1006 572 quamvis
1040 518 1244 564 extrinse-

138 602 212 633 cus
245 604 394 633 nomen
433 606 550 634 suum
592 599 630 635 et
668 593 733 648 jus
771 594 990 645 retineret,
1023 603 1108 639 tota
1145 597 1244 640 des-

136 665 275 724 potica
306 666 387 724 jam
428 676 625 711 evaserat.
698 658 929 714 Inveluerat
968 673 1074 715 enini
1117 673 1158 716 in
1196 689 1243 718 ea

135 747 282 801 ingens
317 760 510 788 numerus
551 745 856 802 Collegiorum,
887 748 1076 804 adeoque
1114 765 1241 808 prae-

135 820 348 872 valuerat,
377 828 420 863 ut
452 836 528 879 per
567 821 610 864 id
647 829 811 880 tempus
853 823 944 881 ipsa
980 825 1240 870 Universitas

136 903 223 939 tota
258 896 300 939 in
339 897 531 955 Collegiis
567 913 656 942 esse
694 899 913 943 diceretur.
976 902 1023 943 ln
1063 902 1125 946 his
1160 918 1239 946 au·-

133 980 218 1017 tem'
263 973 434 1017 libertas
485 989 569 1018 non
621 982 736 1026 erat,
786 976 860 1020 sed.
909 979 1234 1025 monachismus-0

132 1050 382 1103 Scholares‚
431 1051 499 1108 qui
537 1052 633 1095 olim
683 1068 759 1109 per
793 1053 880 1097 vias
923 1062 962 1097 et
1003 1056 1239 1114 compitalia

131 1127 295 1186 vagari,
340 1141 432 1171 cum
470 1128 667 1172 militibus
711 1129 954 1186 digladiari,
993 1139 1032 1174 et
1071 1133 1234 1191 plebem

131 1203 362 1248 Parisinam
402 1205 566 1262 pulsare
604 1205 714 1249 soliti
750 1208 938 1258 fuerant,
981 1223 1092 1252 nunc
1135 1210 1238 1254 (30]-

131 1280 226 1338 legii
254 1281 444 1324 claustris
475 1281 622 1325 inclusi
667 1283 750 1341 ipsi
789 1283 911 1343 virgis
956 1286 1237 1331 caedebantur

130 1373 153 1401 a
186 1358 472 1402 Dominicanis
507 1365 596 1402 au't-
617 1359 786 1404 Jesuitis
822 1362 1147 1419 professoribus.
1181 1364 1236 1408 Et

127 1436 231 1479 haec
268 1435 425 1479 servilis
461 1435 677 1494 disciplina
715 1438 911 1491 Lovanii‚
967 1440 1083 1496 cujus
1121 1441 1225 1486 Uni-

128 1512 316 1561 versitas?
337 1513 566 1556 Pari-sinam
607 1513 876 1566 iiiiitabatur',
908 1518 1073 1560 saeculo
1116 1518 1234 1562 deci-

125 1589 420 1647 mo-septimo
452 1590 605 1648 insigni
632 1581 780 1635 {adhuc
814 1593 1044 1637 ducebatur
1075 1603 1114 1638 et
1142 1595 1231 1639 exi-

62 1719 71 1732 ·
124 1664 208 1708 mio
249 1664 476 1723 privilegio.
568 1668 710 1711 Nostri
745 1684 843 1712 vero
884 1669 1099 1723 homines,
1160 1674 1232 1730 qui

124 1748 300 1800 propter
357 1743 601 1787 vicinitatem
655 1745 838 1802 aliasque
890 1760 1038 1791 causas
1072 1748 1231 1793 -Lova—

125 1817 264 1870 nium,
290 1825 329 1861 et
353 1819 562 1872 Parisios,
594 1822 816 1878 pluresque
845 1822 1049 1869 Franciae
1078 1827 1231 1870 acade-

123 1894 251 1937 micas
286 1894 470 1958 cixfitates
505 1896 767 1953 frequentare
804 1900 1021 1953 solebant,
1068 1903 1229 1947 Parisi-

121 1984 198 2013 nae
223 1970 387 2027 quidem
418 1972 712 2018 Universitatis
739 1976 916 2020 formam
941 1978 1226 2031 adsciverunt,

120 2048 192 2091 sed
227 2047 436 2105 antiquam
474 2057 514 2093 et
546 2051 854 2110 incorruptam3
887 2055 1138 2111 collegialem
1173 2058 1228 2101 il-

119 2125 198 2167 lam
218 2155 229 2177 ‚
261 2125 472 2178 servilem,
503 2126 741 2171 Jesuiticam
781 2131 1064 2188 repudiarunt.
1124 2132 1228 2177 Col„

119 2200 268 2259 legium
287 2205 416 2246 'unum
445 2209 602 2247 tantum
629 2203 914 2258 instituerunt,
945 2207 1134 2253 instantis
1149 2225 1225 2254 ne-
