1487 2625
257 234 304 271 50
483 216 1148 259 COMMENTATIO

259 329 373 367 nibus
394 329 593 366 admixtum
619 329 859 376 conjungitur
884 337 966 363 eum
995 330 1143 373 potassa
1158 355 1170 372 ‚
1189 337 1234 364 *et
1256 327 1373 366 Creo—

260 409 384 437 sotum
422 407 608 445 separatur
646 399 892 434 immutatum.
948 395 1100 445 Quodsi*
1134 396 1275 434 solutio
1308 401 1373 434 c'o-

259 470 338 504 lore
367 469 414 504 sit
445 467 596 512 induta,
638 465 857 513 principium
896 465 1066 502 colorans
1089 470 1295 512 ⁴separatim·
1322 467 1374 502 si·

263 538 337 572 mul
367 547 449 572 curn
485 535 700 582 Crcosoto‚
737 536 801 572 sed
833 535 877 572 ab
916 535 986 572 hoc
1019 545 1147 572 rursus
1184 540 1374 582 separatur

263 615 334 654 ope
379 606 655 643 destinationis.
734 606 850 652 Saepe
895 605 1001 642 etiam
1044 606 1097 642 sal
1131 604 1322 643 formatus
1353 616 1373 643 a

261 677 450 714 Creosoto
488 676 691 723 ·solvitur;
740 676 846 721 quod
889 683 930 712 ut
972 669 1130 711 evitetur
1148 702 1160 720 ‚
1214 680 1374 722 praestat

262 757 444 793 usurpare
467 745 609 782 acidum
640 744 925 792 sulphuricum,
955 744 1009 781 uti
1040 744 1147 782 etiam
1173 741 1254 781 fieri
1277 746 1375 783 solet

257 816 296 851 in
332 813 580 862 praeparando
630 814 834 852 Creosoto.
910 813 1008 850 Tum
1046 823 1135 851 vero
1173 813 1268 850 bene
1298 814 1374 851 ani-

257 884 560 921 madvertendum
583 891 667 930 est3
698 882 883 930 primum,
911 892 951 920 ut
970 884 1121 921 addatur
1149 894 1258 931 pal²va
1279 881 1374 921 acidi

261 954 447 1000 quantitas
504 954 741 1000 praevalens,
795 963 872 989 tum
913 963 1028 998 vero,
1079 961 1131 989 ³ut
1174 953 1372 990 destillatio

261 1025 462 1070 prudenter
496 1022 721 1060 instituatur.
776 1022 856 1059 Hae
884 1023 1118 1070 solutiones,
1147 1022 1190 1060 si·
1217 1024 1373 1060 multum

262 1102 434 1140 potassae
474 1102 510 1130 et
545 1103 688 1139 aquae,
742 1102 852 1139 atquc
890 1093 979 1131 ⁴ideo
1025 1104 1154 1140 parum
1192 1093 1373 1131 Creosoti

255 1163 483 1208 continent,
511 1163 652 1200 diutius
687 1162 797 1198 calori
828 1162 962 1209 exponi
995 1172 1182 1209 possunt,
1220 1169 1287 1200 ne'c
1322 1171 1378 1199 ta-

264 1244 344 1270 men
382 1233 608 1272 Creosotum
627 1260 638 1278 ‚
667 1233 769 1278 quod
804 1233 1026 1278 continent,
1055 1233 1275 1279 excutiunt,
1302 1232 1374 1271 nisi

261 1304 299 1340 in
333 1315 420 1341 casu
451 1303 651 1340 contrario.

313 1372 350 1408 Si
386 1372 610 1409 Creosotum
636 1381 819 1408 saturatur
845 1372 935 1408 sodzi
961 1369 1127 1419 anhydra
1143 1399 1156 1418 ‚
1186 1372 1288 1419 quod
1307 1383 1375 1420 op-

264 1441 350 1477 time
386 1442 424 1478 fit
460 1453 530 1489 ope
567 1441 662 1478 sodli
697 1451 733 1478 et
771 1441 1047 1488 superaddenda
1082 1453 1195 1488 aquae
1227 1442 1374 1489 quanti-

262 1519 359 1556 tate,
386 1511 556 1547 oriuntur
595 1511 630 1547 in
675 1511 786 1558 plano
822 1519 1016 1548 contactus
1052 1512 1224 1558 crystalla
1261 1512 1372 1549 sodae

262 1576 525 1627 Creosoticae3
554 1590 614 1627 et,
643 1581 728 1617 licet
758 1582 844 1618 hacc
865 1581 1037 1628 crystalla
1063 1591 1138 1617 non
1165 1580 1373 1619 formantur

255 1649 332 1686 nisi
362 1649 482 1686 addita
513 1652 636 1696 aqua„
678 1650 801 1687 lixivia
835 1660 954 1687 tamen
991 1651 1102 1688 sodae
1140 1651 1245 1688 valde
1281 1663 1372 1689 con-

256 1727 419 1757 centrata
470 1719 628 1756 formant
667 1720 960 1756 combinationes
1004 1721 1133 1757 densas
1179 1721 1366 1768 liquidas,

259 1800 377 1835 qnae,
426 1787 681 1836 refrigeratae,
726 1790 1029 1837 consolidantur3
1083 1790 1194 1827 simul
1231 1790 1368 1828 iuliae

257 1859 470 1904 solutione„
500 1859 806 1905 quemadmodum
839 1860 876 1896 in
907 1859 1076 1907 plurimis
1114 1860 1367 1898 solutionibus

257 1929 295 1965 in
330 1938 478 1975 potassa
511 1938 546 1965 et
575 1929 663 1966 soda
701 1929 777 1965 lieri
815 1931 934 1976 solet,
964 1940 1091 1977 magna
1118 1931 1251 1968 caloris
1279 1941 1368 1967 evo·-

257 1998 353 2034 lutio
375 1999 497 2034 locum
529 1998 662 2045 habet3
692 1999 817 2036 'solida
844 2000 934 2037 haee
969 2000 1135 2037 materies
1172 2009 1228 2038 est
1259 2011 1366 2037 accu-

258 2067 409 2104 mulatio
448 2069 718 2115 Crystallorum
763 2069 1014 2116 irregularium
1058 2068 1232 2117 hydratis-
1257 2069 1367 2106 sodae

255 2137 512 2175 Creosoticae.

306 2207 381 2243 Lac
413 2206 538 2243 calcis.
593 2207 848 2253 Creosotum,
885 2220 968 2245 cum
1008 2219 1054 2244 eo
1090 2207 1274 2254 mixtum5
1302 2208 1364 2245 ab·

255 2275 383 2312 sorbet
416 2275 636 2322 superfluam
673 2278 968 2324 caleam-atquc
1001 2287 1085 2314 cum
1122 2277 1186 2314 hac
1210 2278 1364 2326 conjun-

1311 2347 1364 2393 gi-
