1487 2625
463 175 878 216 CHEMICA.
1174 188 1213 212 11

111 297 148 328 et
168 287 214 327 ad
239 286 396 336 priorem
420 285 556 324 reverti
579 294 734 324 coactus
760 293 817 323 est
842 283 1183 322 Reichenbach
1204 311 1217 330 ‚

110 366 312 407 postquam
347 368 436 395 usus
471 355 737 401 Creosoti‚
767 354 929 392 breviori
956 354 1016 392 illa
1043 354 1217 391 methodo

74 444 79 448 ·
110 429 252 477 parati,
288 427 387 476 apud
412 435 658 475 aegrotantem
689 424 826 463 emesin
857 424 1055 462 violentam
1086 424 1219 462 excita-

111 505 214 536 verat
243 496 326 546 (1).
361 496 529 536 Paratum
555 503 631 533 erat
660 494 848 542 impurum
870 493 987 532 hocce
1014 494 1218 533 Creoso-

111 575 207 605 tum
237 577 284 606 ex
317 566 400 615 pice
436 564 600 614 liquida,
633 574 728 611 quae
753 574 797 602 ex
823 563 926 612 ligno
949 562 1074 613 fagino
1097 571 1218 612 parata

109 644 200 676 erat.
617 671 619 675 ,

158 706 318 745 Nullum
353 713 474 743 tamen
498 703 706 750 exemplum
735 712 898 749 unquam
928 706 1088 740 occurrit
1118 704 1215 753 ejus·

109 777 190 816 dem
219 775 372 814 effectus
400 773 572 820 emetici‚
606 772 672 810 ubi
700 772 975 811 Creosotum
1003 773 1187 820 impurum
1204 800 1217 819 ,

110 857 154 885 ex
168 831 340 894 pinorum
357 843 555 894 speciebus
571 850 736 891 paratum
749 870 762 889 ,
787 840 899 879 fuerit
915 842 1115 880 adhibitum
1131 845 1215 893 (α).

110 917 171 956 Sic
195 915 301 954 etiam
325 915 576 954 Creosoto
591 940 604 960 ‚
626 923 666 949 ea
688 912 831 950 ratione
852 921 1064 961 praeparato
1078 942 1090 959 ,
1108 924 1215 960 quam

109 986 303 1033 methodi,
340 986 515 1033 deinceps
541 981 571 1020 ‘a
605 983 718 1021 nobis
748 983 1011 1030 exponendae,
1040 982 1218 1030 praecipi-

111 1065 206 1104 unt,
230 1055 426 1093 emeticum
452 1054 543 1091 illud
569 1063 646 1091 non
667 1052 877 1099 contineri,
906 1052 1126 1100 experientia
1153 1053 1217 1090 do-

108 1126 186 1165 cuit
211 1125 295 1175 (3).

615 1245 650 1292 §·
679 1255 714 1291 3·

199 1343 259 1382 De
288 1343 457 1394 parandi
494 1347 639 1384 ratione
675 1345 870 1384 secundum
898 1346 934 1383 R
941 1357 962 1385 e
974 1347 984 1384 i
994 1357 1014 1384 c
1024 1347 1046 1384 h
1056 1359 1074 1384 e
1084 1356 1126 1383 n-

467 1414 491 1452 b
500 1426 520 1452 a
529 1426 549 1452 c
557 1415 584 1452 h
594 1443 606 1462 ,
633 1412 858 1464 modificata.

161 1551 366 1590 Methodus
403 1553 537 1591 haecce
572 1553 759 1592 invenitur
797 1555 896 1602 apud
931 1554 975 1592 M
989 1553 1033 1601 ig
1045 1565 1066 1590 u
1079 1561 1122 1590 et
1149 1553 1218 1602 (4)

109 1627 221 1668 atque
244 1628 300 1658 est
322 1621 549 1660 modificatio
578 1624 640 1662 Re
650 1623 660 1660 i
670 1636 689 1661 c
701 1623 845 1661 henba
855 1634 874 1661 c
885 1624 908 1661 h
920 1624 1046 1661 ianae
1074 1623 1218 1660 metho-

1153 1689 1189 1729 di
1205 1720 1216 1738 ‚

152 1760 203 1799 (ι)
224 1758 247 1788 1.
260 1758 283 1788 Ι.

153 1813 201 1853 (2)
224 1810 303 1842 vid.
328 1812 351 1842 B
362 1813 383 1842 ii
395 1811 521 1843 chner
537 1834 547 1851 ,
569 1817 710 1856 Repert.
719 1816 786 1856 fiir
806 1815 858 1845 die
877 1816 1076 1845 Pharmacie
1090 1835 1099 1851 ,
1122 1813 1217 1843 Tom.

112 1865 261 1897 XLVII.
282 1877 315 1905 p.
330 1876 399 1907 277.
644 1859 646 1863 ’

154 1921 202 1962 (3)
226 1918 468 1951 Observandum
481 1923 529 1949 est
540 1918 644 1958 picem
657 1919 813 1959 liquidam
826 1923 879 1950 aut
892 1918 1016 1949 acidum
1030 1919 1219 1958 pyroligno-

111 1985 203 2006 uuum
227 1984 350 2013 semper
371 1972 510 2012 paranda
530 1983 596 2003 esse
620 1973 653 2002 in
676 1973 760 2004 vasis
786 1972 947 2004 fictilibus
957 1993 967 2009 ,
990 1982 1030 2002 ne
1049 1973 1172 2003 seilicet
1183 1973 1217 2002 in

112 2029 177 2060 sint
220 2028 298 2059 salia
345 2025 444 2067 oxydi
496 2026 576 2055 ferri
629 2025 708 2057 vid.
761 2025 1214 2067 Schweigger-Seidel,

115 2084 159 2114 N.
183 2081 300 2113 Jahrb.
333 2080 426 2110 Tom.
441 2079 560 2111 LV111
584 2091 617 2119 p.
642 2081 692 2111 18.

156 2136 203 2176 (4)
227 2135 322 2167 Cous.
345 2134 383 2164 E.
407 2133 442 2163 Μ
454 2135 466 2163 i
480 2145 498 2174 g
511 2145 532 2164 u
545 2145 561 2164 c
576 2139 608 2171 t,
642 2134 846 2164 Becherclaes
870 2134 978 2164 Chim.
1000 2139 1032 2173 get
1051 2135 1141 2168 Messd.
1161 2144 1219 2163 sur

111 2189 144 2219 le
167 2190 318 2219 Cre'osote
339 2192 399 2218 etc.
422 2197 454 2225 p.
471 2189 520 2218 18.
563 2187 588 2216 1³
599 2195 644 2226 og
653 2198 670 2227 g
679 2196 724 2215 en
733 2186 753 2215 d
763 2197 780 2215 0
791 2187 848 2225 tf,
862 2186 1012 2217 Annales
1021 2187 1077 2217 der
1089 2187 1219 2217 Chemilc

116 2244 184 2273 und
195 2236 339 2283 Physissk,
363 2242 455 2274 Tom.
472 2240 643 2274 XXVIII.
665 2240 742 2279 Cap.
758 2248 786 2269 1.
