1487 2625
0 1580 1 1627 l

0 1630 2 1686 l

519 188 870 230 MEDICA.
1216 198 1262 235 23

182 303 421 361 Diarrhoeam
438 328 452 348 ‚
501 299 731 347 cardialgiam
747 327 759 345 ,
812 295 1085 345 stranguriam,
1142 294 1256 332 solito

131 374 249 424 gradu
276 373 398 410 omnia
423 370 560 410 leviora
576 398 588 417 ,
618 370 714 407 vidit
738 368 1032 414 Metzgerus.
1086 364 1259 403 Convul-

130 445 258 484 siones
283 442 424 481 debiles
447 450 483 479 et
510 440 704 489 respiratio
737 437 918 484 difficilis,
951 444 1104 473 mortem
1131 433 1257 482 proxi-

131 526 191 554 me
223 512 596 564 praegrediebantur3
637 521 721 547 cum
762 517 851 556 post
878 514 1064 553 mortem,
1091 503 1129 541 in
1164 514 1256 541 ven·-

129 585 294 631 triculo‚
321 582 494 622 Arsenici
520 581 628 619 uncia
654 578 804 617 dimidia
831 576 1063 615 inveniretur
1084 573 1169 623 (ι).

182 653 465 694 Christison
492 663 616 689 casum
643 656 789 695 narrat,
818 659 893 696 quo
909 647 1057 695 puella,
1076 656 1121 692 14
1134 644 1252 681 annos

128 733 236 773 nata,
263 736 312 774 90
334 721 506 761 Arsenici
530 731 640 770 grana
665 720 859 764 hauserat,
887 724 1022 754 eventu
1035 715 1129 751 intra
1146 712 1256 761 quin-

129 781 206 843 que⁶
239 795 350 833 horas
383 793 498 833 letali.
554 791 674 829 Semel
705 790 765 827 vel
805 788 864 825 bis
905 795 1047 824 tantum
1077 784 1251 831 vomuit,

129 875 167 904 et
200 874 342 915 praeter
371 862 628 902 lassitudinem
658 870 694 898 et
718 859 973 902 debilitatem,
1003 867 1074 903 qua
1110 854 1256 898 labora-

129 936 193 975 bat
214 937 426 983 insignem,
453 944 530 972 non
556 931 628 970 nisi
657 931 703 969 de
730 929 857 977 aliquo
885 929 1016 966 dolore
1042 933 1250 972 conquesta

128 1005 203 1044 fuit
216 1007 300 1055 (2).
329 1005 417 1044 Alio
431 1003 627 1042 individuo
638 1030 650 1048 ‚
665 1010 754 1049 post
770 999 940 1048 quinque
955 999 1064 1036 horas
1083 997 1225 1044 elapsas
1238 1023 1250 1041 ,

129 1089 231 1115 mors
266 1074 497 1125 supervenit.
565 1071 744 1111 Emeticis
775 1070 861 1107 licet
892 1067 1101 1117 propinatis
1136 1065 1256 1104 vomi-

131 1158 192 1187 tus
216 1159 294 1186 non
322 1145 602 1196 producebatur
624 1143 707 1191 (3).

182 1218 297 1256 Aliud
324 1217 531 1265 exemplum
565 1227 586 1252 a
617 1214 721 1251 doct.
748 1210 902 1249 Missa
929 1209 1168 1246 observatum
1197 1217 1257 1243 re-

134 1288 222 1326 tulit
242 1286 416 1325 Orfila.
472 1284 542 1322 Vir
563 1283 710 1331 quidam
727 1310 740 1328 ‚
769 1282 861 1318 hora
889 1287 1020 1316 octava
1047 1276 1224 1314 matutina
1239 1303 1252 1322 ,

134 1357 307 1398 Arsenici
331 1356 405 1394 albi
439 1353 657 1405 pulverisati
685 1352 875 1389 drachmas
900 1348 975 1386 tres
1002 1355 1253 1391 assumserat,

131 1441 177 1468 eo
204 1439 327 1467 tamen
359 1426 538 1474 singulari
573 1431 736 1468 eventu,
770 1431 811 1459 ut
848 1421 992 1458 nullum
1026 1417 1129 1464 fere,
1169 1425 1254 1453 ante

131 1502 257 1540 horam
274 1499 429 1548 primam
445 1494 732 1545 pomeridianam
749 1521 762 1539 ‚
785 1503 919 1540 passus
946 1489 1059 1527 fuerit
1086 1496 1255 1536 sympto-

133 1582 218 1618 ma,
268 1568 372 1617 quod
409 1567 540 1606 veneni
582 1563 860 1613 deglutitionem
905 1560 1065 1598 iudicare
1107 1566 1252 1606 posset.

132 1641 306 1680 Accessit
332 1650 421 1678 vero
449 1638 623 1684 deinceps
655 1633 874 1672 constrictio
913 1629 1075 1677 regionis
1111 1627 1255 1675 epigas-

134 1713 247 1751 tricae
285 1711 488 1755 dolorosa,
529 1707 630 1744 calor
665 1715 803 1749 urens,
846 1700 960 1745 sitis,
996 1710 1082 1737 cuin
1119 1696 1252 1733 habitu

136 1784 338 1831 depravato
365 1789 400 1817 et
427 1780 538 1828 pulsu
566 1777 784 1814 accelerato,
857 1767 1183 1819 Symptomatibus
1212 1766 1255 1802 il-

134 1854 182 1893 lis
206 1850 441 1902 gravioribus
466 1847 617 1887 redditis
634 1875 646 1893 ,
685 1844 867 1883 abdomen
901 1841 1088 1879 vertebras
1123 1847 1252 1876 versus

1199 1918 1257 1944 re-

177 1988 232 2026 (ι)
252 1983 540 2023 Materialienfia'r
551 1982 604 2011 die
623 1974 883 2010 staatsarzneik.
898 1973 945 2004 11.
961 1972 1013 2013 95.
1036 1973 1088 2003 Cf.
1104 1971 1130 2002 C
1141 1970 1159 2000 h
1172 1970 1207 2000 ri
1218 1980 1255 2000 s-

134 2040 249 2070 eiton
269 2037 292 2067 Ι.
314 2047 344 2066 c.
366 2047 399 2075 p.
421 2035 492 2065 312.

177 2097 232 2133 (2)
255 2089 503 2123 Christison
528 2086 610 2117 ibid.

179 2146 227 2188 (5)
252 2145 358 2174 Lond.
384 2143 466 2173 med.
492 2142 560 2172 and
577 2140 711 2181 physic.
735 2138 855 2167 Joccrn.
892 2133 1064 2164 XXXIV.
1105 2130 1256 2162 Chris-

137 2200 253 2230 tison
280 2201 407 2229 secutus
423 2218 433 2234 ‚
466 2195 546 2225 hanc
583 2192 750 2223 hisioriam
775 2190 814 2218 ad
837 2188 968 2219 eandem
994 2186 1255 2217 observationum

139 2254 271 2285 classem
296 2251 419 2291 retuli,
454 2248 598 2290 quamvis
623 2248 658 2276 in
684 2245 837 2277 cadavere
871 2246 998 2282 reperta
1032 2240 1112 2271 mihi
1144 2240 1257 2278 incog-

139 2310 205 2339 nita
232 2308 306 2338 siut.
332 2304 580 2337 Christison
605 2301 686 2330 ibid.
