1487 2625
234 225 280 259 70
559 214 998 252 ADNOTATIO.

234 327 482 366 beekium,
512 324 607 359 Tom.
623 323 670 357 11.
697 333 731 368 p.
757 321 838 356 302.
873 320 974 354 Anno
1009 318 1094 353 1631
1125 328 1292 353 numerus
1316 327 1337 350 a

234 387 418 424 duodecim
446 384 490 418 ad
511 382 711 429 quindecim
746 381 958 416 constitutus
979 385 1051 423 est3
1077 384 1196 425 postea
1221 384 1338 413 tamen

237 449 357 496 plures
389 446 579 492 pluresque
609 447 840 478 accesserunt.
899 440 1207 486 Viginti-quatuor
1243 437 1337 472 suffi—

234 520 314 544 cere
346 511 463 542 censet
498 505 547 538 W
561 516 581 539 o
595 505 608 539 l
622 504 659 538 fi
672 516 720 538 us
733 530 741 545 ‚
770 503 795 537 l.
819 513 849 536 e.
870 513 905 547 p.
930 500 1016 535 295:
1054 501 1116 546 qui
1138 511 1234 535 nunc
1254 509 1336 532 nos-

235 575 294 604 ter
318 572 369 602 est
401 576 577 600 numerus.

282 689 363 733 Pag.
391 686 447 721 29.
475 687 500 721 Ε
514 697 566 730 rg
580 697 600 719 a
625 685 648 719 B
665 696 685 719 o
699 684 961 719 erhavium.
996 681 1073 717 Vid.
1103 680 1267 716 Memorio
1293 685 1340 713 tot

235 749 293 782 het
326 749 480 795 Rapport
516 758 586 780 van
615 746 682 778 den
722 745 914 778 Secretaris
951 755 972 777 v
986 755 1004 778 a
1019 755 1043 776 n
1078 743 1248 789 Royen‚
1290 740 1342 773 als

235 808 407 842 hebbende
431 806 609 853 inqevolqe
632 806 673 838 de
697 805 871 839 Resolutie
908 815 979 837 van
1014 803 1057 837 H.
1074 803 1116 836 H.
1148 802 1343 836 Curatoren

234 880 280 902 en
303 869 610 914 Burqevneesteren
635 877 705 898 van
727 866 795 899 den
825 865 870 898 22
895 864 998 911 April
1021 863 1109 897 1735
1142 863 1249 909 yelast
1282 873 1340 908 qe-

236 934 338 962 weest
363 927 492 961 d'Heer
523 927 547 959 B
560 938 580 960 ο
593 937 612 958 e
624 925 676 958 rh
689 937 708 959 a
721 937 742 957 v
754 937 773 958 e
785 937 808 958 n
844 931 875 958 te
897 924 1044 971 sprelcen
1072 935 1153 957 over
1177 924 1217 957 de
1239 934 1343 970 capa-

236 989 333 1023 citeit
355 1000 425 1022 van
451 987 506 1021 die
531 997 684 1032 qeenen,
712 985 817 1019 welhe
839 985 918 1018 hem
939 985 1075 1018 zouden
1098 985 1245 1018 kunnen
1262 995 1342 1018 suo-

235 1049 405 1089 eederen,
434 1047 527 1093 apud
552 1047 572 1080 S
591 1046 796 1090 iegenbe
811 1046 879 1080 ek.
918 1046 956 1079 T.
981 1046 1028 1080 ΙΙ.
1055 1057 1089 1092 p.
1114 1045 1195 1080 391.

285 1170 367 1214 Pag.
392 1168 449 1202 31.
475 1166 801 1212 Recuperanda.
845 1166 1025 1200 Lectiones
1052 1164 1254 1211 hujusmodi
1271 1164 1346 1210 jam

241 1230 368 1265 liberae
391 1228 461 1262 dici
483 1227 720 1268 consuerunt,
750 1236 842 1271 quae
869 1220 983 1259 tamen
1003 1225 1107 1270 juxta
1129 1230 1262 1258 ceteras
1277 1235 1348 1258 non

240 1291 370 1325 liberas
392 1288 704 1336 (Zwanysoolleyia
718 1314 725 1328 ,
760 1287 869 1320 Gom-s
908 1284 1049 1331 obliqes)
1071 1285 1246 1319 difficilius
1271 1297 1347 1319 sus-

241 1352 412 1385 tinentur.
464 1349 676 1383 Premuntur
699 1347 793 1380 enim
816 1345 1065 1392 praejudicata·
1081 1344 1226 1379 minoris
1245 1344 1347 1379 utili-

240 1411 325 1446 tatis
348 1409 524 1456 opinione.

291 1532 380 1566 Ibid.
424 1531 501 1564 Jus
525 1528 752 1576 publicum
778 1528 1040 1563 Germaniae.
1071 1527 1196 1562 Leidae
1218 1527 1256 1561 in
1275 1528 1350 1573 pri-

243 1593 309 1626 mis
322 1603 362 1626 ea
383 1591 609 1625 institutione
630 1590 751 1624 floruit
772 1595 921 1634 uterque
941 1588 1137 1622 Vitriarius.
1176 1588 1350 1633 Siegen-

245 1652 269 1686 h
280 1663 298 1685 e
310 1652 376 1686 ek.
409 1652 436 1685 Ι.
462 1663 496 1696 p.
524 1650 592 1684 235
619 1655 654 1683 et
680 1650 761 1684 268.
823 1649 903 1683 Post
933 1648 1084 1682 alterum
1117 1647 1166 1681 W
1178 1659 1198 1681 e
1209 1649 1222 1682 i
1235 1661 1250 1682 s
1263 1648 1275 1681 i
1289 1660 1349 1682 us.

246 1713 299 1746 Id.
324 1724 358 1758 p.
380 1712 461 1745 275.
498 1710 605 1744 Paulo
627 1710 731 1755 plura
764 1708 877 1742 refert
912 1708 937 1741 T
949 1719 968 1741 e
992 1707 1039 1740 W
1053 1719 1074 1741 a
1087 1713 1101 1741 t
1113 1719 1133 1741 e
1144 1719 1173 1741 r.
1210 1720 1244 1753 p.
1269 1708 1350 1743 222.

247 1771 403 1818 Trajecti
433 1771 470 1804 id
506 1771 703 1804 docuerunt
726 1769 912 1803 vitriarias
938 1769 1052 1802 minor
1065 1794 1073 1809 ,
1101 1767 1131 1802 A
1144 1768 1167 1801 b
1180 1780 1198 1801 1·
1210 1759 1265 1802 ah
1275 1780 1295 1802 a
1305 1780 1353 1803 m.

248 1831 490 1876 Wieling.
538 1831 715 1864 Petrus
762 1828 1066 1873 Wesseling.
1118 1828 1352 1863 vrimoet.

247 1904 327 1939 pag.
353 1891 433 1926 792.
459 1890 514 1924 An
539 1891 767 1924 Trotzius
800 1894 835 1922 et
870 1888 1197 1934 Tydemannus
1228 1894 1350 1934 pater,

248 1965 321 1988 non
345 1951 534 1998 comperio.
586 1951 733 1984 Videtur
758 1949 849 1984 illud
871 1949 1003 1984 flumen
1028 1949 1272 1984 Germanicum
1292 1960 1353 1985 eo-

248 2026 332 2049 rum
359 2019 515 2059 tempore
530 2012 607 2058 jam
627 2010 812 2045 exaruisse.

298 2133 388 2167 Ibid.
451 2132 642 2173 Plximiis
667 2131 1006 2167 Professorihus
1032 2131 1356 2177 comparandis,

252 2194 406 2236 Mature,
434 2205 505 2227 non
538 2199 653 2228 tamen
677 2192 790 2227 initio.
829 2193 1040 2227 Joannes
1070 2192 1271 2226 Drusius
1296 2204 1358 2226 ne-

253 2255 348 2300 gavit
374 2260 506 2300 postea,
532 2266 568 2288 se
587 2254 711 2289 Leidae
731 2255 848 2288 vivere
875 2254 1026 2299 potuisse
1043 2266 1050 2296 ς
1079 2265 1142 2288 nec
1163 2254 1267 2300 pauci
1286 2266 1359 2288 me-
