1487 2625
511 126 893 174 oRArlo.
1055 98 1058 102 ⁴
1202 137 1255 178 23

141 259 250 304 cives
297 266 336 303 et
370 258 588 317 indigenae
631 261 967 317 instituerentur,
1008 265 1078 322 qui
1118 267 1174 310 ob
1211 269 1253 311 id

138 336 275 395 ipsum
316 350 489 395 peregre
523 336 723 382 Doctoris
762 340 851 396 jure
888 354 972 383 non
1014 343 1252 388 utebantur.

138 412 228 460 Hae
254 412 431 457 studii
461 414 724 473 generalis
757 417 923 461 nomine
939 425 980 461 et
997 417 1255 463 honoreab-

138 489 360 536 stinebaut.
451 491 576 535 Tales
627 491 878 537 domesticae
925 495 1094 551 scholae
1138 505 1256 549 erant

137 567 342 619 Arimini,
372 567 579 626 Neapoli,
613 568 725 613 alibi.
787 570 937 613 Pisana
967 579 1103 615 autem
1139 573 1258 617 Uni-

139 643 338 696 versitas,
370 659 477 701 quae
511 646 676 688 saeculo
711 645 958 699 duodecimo
997 649 1078 705 jam
1117 664 1255 708 appa-

138 727 226 773 ret,
260 720 603 777 decimo-quarto
636 722 801 766 demum
828 739 851 766 a
880 724 1076 769 Romano
1105 726 1256 769 Ponti-

137 796 215 841 fice
248 797 303 841 ad
343 797 520 841 Studii
545 799 807 855 generalis
843 800 1082 858 dignitatem
1115 810 1255 846 evecta

139 880 213 918 est.
247 873 359 931 Quin
375 881 415 918 et
439 874 647 919 habentur
668 875 892 920 hodienum
921 879 1162 923 recentioris
1187 879 1256 922 in-

140 949 362 995 stitutionis
391 951 643 995 Academiae
666 952 727 996 sic
756 953 1025 1006 informatae,
1046 963 1102 998 'ut
1144 955 1256 998 aliud

138 1041 264 1083 qua-m
309 1027 579 1072 domesticam
622 1029 834 1080 scholam,
876 1046 957 1087 qua
997 1031 1144 1075 civium
1177 1047 1256 1076 ne-

138 1102 400 1148 cessitatibus
420 1104 520 1148 satis
549 1105 649 1157 fiat,
680 1106 842 1149 illarum
867 1115 1057 1152 auctores
1086 1111 1129 1153 in
1162 1111 1256 1153 ani-

141 1193 211 1223 mo
241 1179 438 1224 habuisse
467 1195 552 1225 non
591 1182 820 1226 videantur.
893 1184 1005 1241 Quid
1033 1200 1131 1229 vero
1163 1202 1257 1229 ma-

139 1255 250 1311 jores
265 1258 429 1301 nostri?
491 1257 627 1309 Sane,
661 1275 743 1316 qua
759 1275 803 1303 re
820 1269 1093 1317 angustatum
1113 1271 1254 1316 erant,

140 1331 175 1376 si
201 1333 433 1377 modestam
462 1335 643 1392 aliquam
670 1337 926 1380 academiam
953 1338 1134 1395 patriam
1165 1355 1257 1383 ma-

140 1408 333 1463 luissent,
365 1411 457 1467 quis
483 1419 697 1470 posterum
728 1413 1011 1470 vituperaret?
1061 1415 1122 1459 Ut
1148 1431 1253 1474 par-

142 1486 180 1531 ci
213 1494 254 1531 et
284 1476 414 1531 sobrii
450 1489 626 1532 fortasse
660 1489 941 1534 laudarentur.
1027 1492 1176 1537 Verum
1213 1502 1256 1537 ut

139 1564 260 1622 parci
293 1572 411 1607 erant
450 1565 594 1609 Batavi
626 1568 760 1609 nostri
791 1568 833 1610 in
876 1568 1069 1612 omnibus
1105 1571 1254 1622 rebus,

138 1642 199 1684 ita
230 1641 421 1685 liberales
458 1650 575 1686 erant
613 1650 653 1686 et
689 1644 788 1687 lauti
818 1652 857 1687 et
895 1645 1078 1688 munifici
1106 1646 1150 1689 in
1184 1661 1256 1690 re-

139 1717 219 1761 bus
249 1717 510 1763 academicis.
575 1720 837 1764 Universitas
873 1722 953 1765 illis
989 1737 1073 1781 non
1096 1724 1257 1780 place-

139 1793 214 1837 bat
249 1794 329 1838 nisi
359 1796 600 1852 publica,
641 1797 683 1839 in
713 1813 836 1853 quam
861 1798 914 1861 ab
940 1799 1137 1842 omnibus
1165 1800 1257 1843 Eu-

138 1884 270 1928 ropae
307 1872 474 1929 populis
509 1879 549 1915 et
587 1872 826 1929 regionibus
858 1888 1085 1919 concursus
1114 1876 1253 1929 fieret,

139 1961 190 1995 ac
216 1947 384 2003 juvenes
422 1949 622 2005 cujusque
653 1950 836 2002 ordinis,
869 1951 1105 2009 principum
1148 1952 1255 1996 adeo

141 2031 181 2067 et
228 2038 372 2081 regum
417 2024 512 2076 filii,
568 2026 622 2068 ab
659 2026 829 2084 optimis
864 2028 1096 2083 quibusque
1138 2029 1254 2074 orbis

140 2100 412 2154 doctoribus,
458 2101 530 2158 qui
555 2103 722 2164 „uspiam
756 2103 928 2147 inveniri
960 2110 1154 2163 possent,
1202 2106 1254 2147 li-

139 2179 338 2224 beraliter
371 2178 642 2227 erudirentur.
719 2180 810 2225 Hoc
847 2180 902 2224 illi
943 2188 1028 2224 tum
1073 2181 1115 2224 in
1152 2181 1258 2224 votis
