1487 2625
223 191 273 229 66
435 184 852 229 COMMENTATIO
893 185 1121 225 MEDICA.

222 311 307 338 cum
333 297 465 338 veneni
492 295 596 334 dosis
622 303 806 343 occupat,
836 306 930 343 quae
952 296 1051 333 haud
1075 305 1155 332 raro
1180 301 1334 333 mortem

219 369 350 408 afferre
373 367 547 415 quidem,
576 364 807 414 putredinem
829 374 949 402 autem
975 372 1143 402 avertere
1167 374 1248 401 ‘non
1275 360 1341 402 va'·

220 441 270 478 let
285 467 298 485 ‚
325 448 436 487 atque
467 447 638 484 perverse
657 435 770 482 igitur
794 433 937 481 statui,
963 433 1182 471 Arsenicum
1203 433 1337 472 mortis

217 520 364 548 causam
395 517 472 545 non
499 505 643 553 fuisse,
685 513 908 553 propterea,
937 504 1039 551 quod
1081 503 1245 552 vulgaris
1277 504 1340 542 ad-

218 579 281 618 sit
306 576 490 616 cadaveris
531 575 716 624 putred03
762 582 831 612 aut
859 573 1077 612 veneficium
1110 578 1231 623 'certo‘
1257 583 1339 612 esse

215 648 415 698 probatum
431 675 444 695 ‚
468 646 558 694 >quia
597 646 686 684 haec
723 643 868 682 deficiat
883 673 896 691 ‚
925 655 1009 681 cum
1035 655 1080 683 ex
1105 642 1187 682 aliis
1213 643 1336 681 causis

219 720 394 757 cadavera
418 717 614 766 putredine
635 726 712 753 non
735 714 851 762 affici,
878 715 986 753 etiam
1009 714 1045 752 in
1072 715 1189 764 patria
1210 722 1339 753 nostra

218 790 455 827 observatum
490 787 574 834 sit3
623 794 664 823 ut
692 785 805 833 igitur
840 784 1054 832 impeditam
1101 783 1333 832 putredinem

215 857 385 897 veneficii
417 856 627 895 arsenicalis
664 864 811 892 certum
858 854 1008 891 minime
1043 865 1125 891 esse
1143 865 1339 903 argumen-

214 937 295 966 tum
313 957 326 975 ,
349 927 437 965 mihi
465 926 636 973 equidem
661 933 786 973 patere
812 924 994 962 videatur.

267 996 365 1035 Fieri
394 1005 514 1034 tamen
532 1004 569 1033 et
591 1002 719 1043 potest
751 1003 793 1032 ut
827 1005 1009 1033 venenum
1037 995 1201 1034 chemica
1222 995 1335 1034 ratio-

215 1079 264 1107 ne
288 1067 411 1115 detegi
431 1077 506 1105 non
529 1066 676 1113 possit,
704 1064 736 1102 si
763 1065 839 1102 vita
863 1075 996 1113 nempe
1021 1065 1086 1104 diu
1111 1063 1226 1104 fuerit
1249 1077 1337 1114 pro-

217 1146 361 1184 tracta,
397 1147 460 1175 aut
495 1135 717 1174 Arsenicum
750 1134 928 1181 vomitu,
955 1135 1089 1174 alvove
1128 1148 1148 1173 e
1178 1147 1338 1184 corpore

215 1215 461 1253 evacuatum,
503 1205 642 1254 quibus
675 1205 747 1243 sub
783 1205 1069 1244 conditionibus
1110 1204 1330 1244 veneficium

215 1277 382 1316 redditur
407 1276 600 1325 probabile
617 1304 628 1323 ,
659 1275 878 1313 sicadavera
902 1275 1030 1313 eodem
1052 1276 1162 1322 Ioco,
1189 1277 1338 1315 eodem·-

217 1358 292 1395 que
327 1357 497 1395 tempore
531 1346 701 1394 sepulta,
741 1345 984 1402 corruptione·
1021 1347 1092 1396 jam
1128 1355 1329 1395 appareant

216 1417 345 1456 affecta
359 1446 372 1465 ‚
387 1426 497 1465 atque
518 1416 578 1454 illa
597 1427 691 1464 quae
707 1415 890 1453 Arsenico
911 1423 1034 1452 essent
1062 1424 1207 1454 mortua
1221 1428 1242 1454 a
1263 1428 1336 1465 pu-

219 1487 360 1525 tredine
380 1487 634 1524 invenirentur
663 1485 840 1523 immunia
857 1485 926 1534 (1)
953 1494 988 1522 et
1002 1486 1169 1532 sequenti
1190 1485 1334 1524 ratione

215 1566 369 1595 mutata.
400 1556 439 1596 Si
465 1567 598 1603 nempe
620 1556 866 1604 integumenta
889 1558 1100 1594 communia
1125 1557 1328 1606 deprehen-

217 1627 397 1665 debantur
423 1628 587 1664 indurata
605 1654 617 1672 ,
647 1626 794 1663 elastica
831 1635 867 1664 et
891 1627 1017 1663 colore
1051 1626 1159 1665 fusco
1187 1630 1328 1676 tincta3

216 1698 247 1735 si
270 1697 488 1745 panniculus
521 1695 697 1743 adiposus
720 1696 756 1732 in
786 1695 966 1733 materiam
985 1697 1182 1734 lardaceam
1204 1707 1332 1735 caseo·

219 1779 262 1804 ve
289 1767 444 1804 similem
477 1764 594 1802 fuerat
632 1776 793 1803 mutatus
811 1793 823 1811 ,
851 1776 964 1813 atque
996 1767 1148 1804 cadaver
1175 1767 1328 1805 odorem

216 1837 377 1885 spirabat
405 1838 589 1873 insuavem
617 1847 776 1883 eumque
802 1848 820 1873 a
850 1835 995 1874 foetore
1028 1837 1180 1885 putrido
1206 1838 1325 1877 diver·

219 1919 299 1945 sum
327 1918 363 1943 et
383 1906 479 1944 casei
503 1906 638 1942 vetusti
667 1906 772 1943 odori
799 1906 952 1944 similem
985 1908 1073 1956 (Ω).

260 2041 310 2082 (ι)
332 2040 472 2069 Henke
488 2061 497 2077 ,
522 2041 640 2070 Lehrh.
673 2041 782 2081 §.165
805 2051 872 2081 seq.

260 2096 309 2133 (a)
337 2094 423 2124 ibid.
446 2098 475 2135 ᾗ.
503 2095 573 2126 ι66.

1198 2325 1327 2364 PARS
