1487 2625
196 956 342 1029 Quod
378 971 476 1015 alias
515 973 708 1029 expertus
741 985 831 1014 sum
859 983 940 1029 pro
970 969 1117 1013 rostris
1144 983 1246 1013 aca-

140 1050 310 1094 demicis
355 1051 483 1095 verba
534 1051 745 1101 facturus,
795 1055 840 1091 ut
884 1048 928 1091 in
973 1047 1244 1104 disquirendo

142 1134 383 1187 argumento
420 1126 567 1179 dubius
595 1126 838 1178 haererem,
869 1125 912 1168 id
945 1125 1027 1168 hoe
1059 1132 1248 1183 tempore

143 1204 244 1247 mihi
272 1198 356 1247 nori
380 1203 587 1257 evenisse,
617 1203 793 1261 ingenue
820 1202 966 1246 fateor.
1029 1202 1136 1258 Nam
1159 1208 1251 1246 toto

142 1280 225 1324 hoc
261 1295 371 1323 anno
411 1280 677 1337 magistratus
722 1279 832 1331 mei,
865 1279 965 1322 satis
1009 1278 1251 1337 negotioso,

145 1356 212 1400 vix
251 1352 354 1400 nlius
394 1371 532 1400 sermo
557 1356 611 1399 ad
639 1371 757 1400 aures
781 1371 895 1400 meas
925 1356 1060 1409 venit,
1093 1356 1253 1413 aliaque

147 1433 345 1491 cogitatio
390 1432 571 1476 animum
624 1432 776 1484 subiit,
821 1447 946 1489 quam
997 1447 1104 1489 quae
1153 1447 1257 1476 aca-

147 1500 326 1554 de‘miae'
359 1524 469 1554 nnnc
522 1510 674 1566 hujus,
732 1523 842 1552 nunc
899 1508 1065 1553 alterius
1111 1509 1255 1566 cujus-

144 1587 286 1646 piam,
318 1594 387 1630 aut
425 1587 613 1630 instituta
669 1594 755 1645 aut¹
781 1587 865 1630 fata
895 1587 1105 1630 referret.
1168 1586 1257 1630 Fa-

149 1664 314 1708 ciehant
356 1664 439 1707 hoc
481 1664 611 1723 ipsius
657 1663 755 1706 anni
795 1678 917 1720 quem
969 1663 1254 1707 concludimus

150 1746 250 1783 nota
297 1747 337 1784 et
375 1755 583 1784 numerus.
668 1740 745 1783 Est
781 1739 889 1783 enim
933 1740 1261 1793 ducentesimus,

148 1802 204 1860 Ut,
226 1807 384 1869 nostis,
426 1817 554 1859 altera
594 1814 774 1860 afferens
814 1816 1051 1861 academiae
1078 1817 1259 1860 Rheno-

149 1892 408 1950 Trajectinae
452 1893 691 1938 saecularia.
765 1894 884 1950 Quae
927 1884 1092 1937 ’tametsi
1132 1893 1258 1937 hodie

151 1985 236 2014 non
274 1970 558 2022 celebramus,
603 1970 677 2013 sed
722 1970 969 2014 celebranda
1009 1969 1258 2023 indicimus,

152 2037 291 2091 {amen
324 2047 425 2103 ejus
448 2047 541 2090 sesti
575 2047 774 2104 splendor
813 2054 973 2090 mature
1003 2053 1202 2103 tanquam
1242 2062 1264 2090 e

152 2124 379 2181 longinquo
405 2123 721 2182 praeparandus
743 2130 854 2175 erat,
888 2137 1017 2179 eaque
1032 2138 1265 2183 praepara-

152 2200 212 2244 tio
243 2200 335 2259 ipsa
364 2201 485 2259 plena
520 2207 607 2244 erat
644 2213 693 2243 ac
725 2214 963 2258 praegnans
996 2199 1199 2243 memoria
1226 2207 1265 2243 et

154 2277 444 2321 recordatione
491 2277 704 2336 praeteriti
742 2277 959 2335 temporis.
1049 2275 1180 2332 Igitur
1221 2276 1263 2320 in

1067 2358 1087 2395 1
1109 2355 1129 2377 Άῑ
