1487 2625
195 141 244 178 12
433 133 567 177 Ami.
602 132 767 175 CATst.
804 131 1060 177 HOLTIUS

196 276 307 314 tate.
339 276 382 311 ut
414 269 454 310 in
492 268 696 324 integrum
738 266 849 309 illum
877 266 1137 310 restituerent
1177 267 1303 310 indu-

159 367 163 369 *
196 345 233 388 ci
276 352 507 403 potuerunt.
573 342 804 386 Ordinibus
841 342 1093 386 curatoriam
1129 358 1217 387 esse
1247 345 1304 387 il·-

189 423 271 465 lam
318 437 434 472 rem,
482 435 609 477 seque
649 419 710 463 sui
753 420 878 462 officii
924 419 1073 462 nemini
1123 421 1304 463 rationes

192 500 368 550 debere,
400 498 719 556 responderunt.
785 497 1021 539 Generosae
1047 497 1210 552 quidem
1249 497 1303 538 li-

195 575 367 619 bertatis
413 589 683 633 responsum,
715 574 786 615 soci
820 572 1021 614 libertatis
1059 587 1142 615 non
1171 573 1302 634 magis

146 663 149 666 '
196 669 320 709 quam
350 651 468 708 juris:
496 650 673 709 pertinet
689 650 792 693 enim
815 650 893 692 hoc
913 649 965 692 ad
983 656 1170 692 naturam
1190 647 1302 693 Uni-

193 729 397 772 versitatis
414 760 425 780 ‚
444 727 494 771 de
509 743 590 784 qua
608 728 731 784 paulo
751 734 844 769 ante
871 725 1300 769 commemoravimus.

253 806 394 862 Neque
432 804 473 847 id
520 804 747 860 exemplum
783 802 963 845 durioris
993 816 1041 844 ac
1080 802 1302 845 bellicosae

190 881 394 926 libertatis
418 895 505 925 csse
541 887 754 937 putemus,
787 878 840 921 ab
868 878 1099 921 humaniori
1128 886 1167 920 et
1193 879 1303 920 inol-

196 957 288 1001 liori
319 964 506 1015 tempore
551 955 740 998 alienum.
804 955 966 1011 Quibus
994 954 1142 998 animis
1166 956 1303 998 (jura--

194 1041 304 1077 tores
343 1033 401 1076 illi
436 1031 658 1081 Leistrensi
692 1039 731 1074 et
764 1031 993 1075 Ordinibus
1025 1032 1302 1084 obstiterant,

193 1111 338 1154 iisdem
387 1123 647 1153 successores
688 1123 828 1151 eornm
881 1108 1123 1164 obsequiori
1170 1115 1302 1152 aetate

194 1186 429 1231 restiterunt
461 1184 644 1242 Principi
672 1184 888 1228 Guilielmo
921 1185 1078 1228 Tertio.
1115 1185 1191 1227 Hic
1219 1185 1301 1227 bo-

194 1279 246 1307 na
280 1270 441 1315 mente,
473 1269 514 1305 ut
540 1261 735 1305 credibile
766 1269 858 1313 est,
891 1260 1164 1304 Curatoribus
1197 1276 1302 1305 can-

194 1340 364 1383 didatos
398 1339 690 1383 commendare
712 1370 722 1390 ,
749 1352 854 1394 quos
887 1339 1145 1396 professores
1186 1340 1301 1383 face-

192 1424 310 1460 rent:
356 1416 420 1459 bis
445 1424 577 1459 tamen
621 1416 828 1473 repulsam
856 1416 957 1460 tulit.
1025 1417 1108 1460 Nec
1138 1418 1301 1460 Princi-

192 1493 256 1550 pis
306 1493 471 1550 gratia,
522 1507 598 1535 nec
639 1492 782 1551 populi
832 1492 1008 1542 invidia,
1061 1495 1172 1552 apud
1208 1494 1300 1538 illos

191 1579 349 1616 tantum
408 1572 648 1622 valuerunt,
707 1578 904 1627 quantum
946 1570 1070 1614 officii
1096 1571 1219 1614 'ratio
1264 1579 1302 1615 et

193 1649 345 1694 utilitas
381 1648 561 1706 publica.
596 1647 693 1691 Sine
722 1648 850 1691 dubio
878 1649 969 1691 illos
1006 1648 1140 1700 viros,
1175 1664 1301 1707 prae-

193 1733 256 1770 ter
290 1741 404 1769 suam
447 1725 663 1774 virtutem7
705 1725 831 1768 movit
865 1739 1029 1782 quoque
1071 1727 1300 1784 exemplum

193 1802 397 1859 majorum
417 1833 428 1853 ‚
460 1810 499 1844 et
525 1803 716 1857 antiquae
750 1802 994 1859 integritatis
1033 1804 1243 1847 memoria.

255 1878 381 1935 Quod
415 1879 449 1921 si
487 1878 577 1933 quis
617 1886 729 1935 putet
752 1879 1053 1935 objiciendum,
1084 1879 1301 1938 imperium

193 1955 292 1999 illud
337 1944 587 1999 curatoriuiu
638 1964 721 1998 tam
772 1956 935 1999 firmum
963 1956 1006 1998 in
1038 1957 1300 2014 superioreS,

197 2031 250 2075 ob
285 2047 372 2074 eam
391 2031 523 2090 ipsam
542 2047 626 2075 rem
648 2047 772 2089 grave
796 2047 883 2075 esse
909 2032 1097 2076 debuisse
1127 2033 1301 2077 inferio-

199 2103 337 2146 ribus:
384 2103 494 2158 quod
538 2103 709 2146 historia
744 2103 990 2147 confirmare
1027 2104 1212 2147 videtur:
1257 2105 1298 2148 id

198 2194 281 2224 non
314 2180 432 2236 plane
469 2179 775 2235 denegabimus.
855 2180 1166 2225 professoribus
1207 2197 1302 2225 cer-
