1487 2625
212 199 258 244 98
434 185 1089 232 COMMENTATIO

209 306 340 349 theate,
391 300 528 338 coffeae
572 300 752 343 decocto,
807 296 844 332 in
878 294 992 340 vino,
1030 295 1148 339 lacte,
1188 291 1307 330 carnis
1465 319 1480 354 3

208 375 359 411 decocto
375 399 387 418 ,
416 369 618 415 eodemque
633 367 706 403 allii
731 366 955 411 aliarumque
977 364 1179 411 plantarum
1192 391 1205 409 ,
1220 363 1306 399 usui
1450 356 1487 409 ,k

207 443 397 481 diaetetico
460 435 734 475 inservientium
752 463 764 481 ‚
816 445 913 481 quos
958 432 1124 481 liquores
1178 440 1306 468 omnes
1463 419 1487 439 ‘¹

206 511 386 550 Arsenico
423 507 723 546 intoxicaveram.

257 581 396 618 Omnes
428 589 520 625 quas
551 576 797 621 adduximus,
824 573 856 611 si
883 573 1153 621 conjungantur
1189 569 1307 608 virtu-

210 660 290 695 tes,
317 649 361 687 iis
393 656 496 686 certo
523 646 700 693 efficitur,
737 655 886 692 reagens
913 653 1083 681 nostrum
1122 652 1202 688 esse
1236 641 1312 680 effi·
1343 675 1346 678 .

204 719 435 758 cacissimum
452 726 561 764 atque
575 744 588 762 ‚
613 716 738 763 prouti
765 714 938 761 deinceps
965 712 1106 762 patebit
1122 740 1136 758 ‚
1156 710 1311 759 reliquis

210 792 320 838 longe
346 787 639 837 praeferendum.
900 787 902 789 ’
1247 783 1249 785 ’

688 922 720 971 ς.
775 923 811 958 8.

313 1056 539 1104 Sulphas
579 1053 1188 1102 Cupro-Ammoniacale.

258 1192 466 1231 Solutionis
498 1192 619 1239 Cupri
651 1192 688 1228 in
717 1190 910 1229 Ammonia
935 1203 1041 1228 usum
1070 1193 1114 1230 ad
1137 1198 1305 1229 nostrum

207 1274 361 1310 scopum
391 1263 463 1310 jam
491 1263 649 1299 laudavit
683 1261 987 1298 Hahnemann
1017 1262 1111 1310 (Ι),
1151 1271 1305 1308 eamque

204 1332 377 1380 deinceps
405 1332 572 1370 adhibuit
596 1334 645 1369 cl.
670 1330 800 1369 Diilk
829 1331 910 1378 (2).
962 1330 1040 1368 Alii
1065 1339 1215 1376 autem,
1241 1342 1307 1368 ex·

204 1402 416 1450 perimentis
443 1402 555 1449 moti,
581 1402 829 1449 praetulerunt
844 1402 1011 1448 Cuprum
1038 1394 1206 1438 nostruin
1228 1401 1305 1437 sul-

204 1471 694 1518 phurico-ammoniatum‚
747 1470 849 1517 quod
885 1481 927 1507 ex
965 1470 1133 1517 sulphate
1177 1469 1298 1517 Cupri

201 1542 418 1579 Ammoniae
439 1552 511 1588 ope
543 1540 797 1588 decomposito
817 1568 829 1586 ,
854 1549 963 1586 atque
987 1532 1225 1588 praecipitato
1259 1539 1297 1577 in

206 1622 245 1647 ea
278 1611 399 1647 denuo
436 1612 582 1656 soluto,
618 1610 829 1648 conficitur.

192 1722 195 1724 v
252 1679 312 1717 Sal
343 1681 402 1716 ille
429 1680 466 1716 in
495 1680 682 1717 solutione
712 1679 804 1717 acidi
829 1678 1027 1716 arsenicosi
1059 1678 1210 1718 dimittit
1245 1690 1301 1717 ar-

200 1749 365 1786 seniitem
388 1750 507 1797 Cupri
524 1778 536 1796 ‚
557 1751 682 1786 colore
712 1750 806 1787 flavo
821 1748 1061 1787 viridescente
1081 1748 1194 1786 veluti
1221 1748 1302 1785 her-

201 1819 314 1855 baceo
346 1819 516 1856 tinctum.
571 1820 727 1862 Acidum
761 1819 853 1857 enim
879 1818 1133 1865 'sulphuricum
1150 1818 1304 1856 Ammo-

205 1887 286 1925 niae
325 1888 512 1933 sociatur,
540 1889 756 1935 acidumque
783 1887 1030 1926 arsenicosum
1063 1898 1146 1925 cum
1182 1887 1303 1936 Cupri

202 1957 421 2005 deutoxydo
449 1957 668 1994 Arseniitem
698 1956 830 1995 format
850 1985 863 2004 ‚
895 1958 1003 1995 modo
1041 1957 1138 1995 dicto
1173 1957 1298 1994 colore

205 2026 440 2065 instructum.

1178 2094 1214 2132 H
1228 2106 1247 2132 a
1259 2094 1301 2132 h-

244 2203 293 2242 (ι)
319 2203 340 2231 1.
363 2214 390 2233 c,
414 2214 442 2241 p.
469 2205 517 2235 15.
538 2205 565 2239 <-
588 2217 636 2245 29.
658 2215 689 2243 p.
714 2204 783 2235 236.
806 2207 834 2245 §.
855 2205 925 2234 422.

241 2260 293 2292 (2)
318 2256 368 2288 Cf.
391 2257 414 2286 B
431 2257 625 2295 candes,
650 2259 671 2285 Ι.
696 2269 721 2287 c.
746 2269 778 2296 p.
804 2257 872 2297 273.
