1487 2625
492 189 901 234 CHEMICA.
1201 219 1246 255 57

629 314 664 361 5.
718 326 754 362 7.

271 424 331 462 De
357 425 518 466 Creosotz·
544 431 722 470 relatione
749 434 801 473 ad
823 437 932 476 acida
958 451 992 478 et
1019 444 1115 481 salia

532 504 711 550 organica
739 505 839 552 (1).'
1006 499 1009 501 ’

182 621 341 661 Acidum
367 627 544 665 aceticum
567 627 806 682 conjungitur
819 648 901 675 cum
932 642 1118 683 Creosoto
1133 676 1145 693 ‚
1163 659 1243 685 om-

132 689 169 726 ni
201 694 472 743 proportione,
501 697 605 736 etiam
634 701 666 738 si
691 702 832 741 acidum
862 707 910 744 sit
937 712 1039 748 valde
1065 714 1239 756 dilutum.

130 759 304 808 Magnam
347 763 456 803 habet
495 769 540 804 ad
581 770 807 811 Creosotum
840 776 1076 829 affinitatem3
1129 798 1237 835 nam,

130 832 272 877 aequali
309 845 424 882 aquae
466 846 566 885 parte
605 841 788 889 admixta,
819 856 989 896 semper,
1019 861 1239 903 temperatu-

129 910 167 936 ra
203 901 344 950 solita,
386 907 410 943 6
446 917 595 955 partes,
635 920 670 948 et
707 914 845 953 elevata
894 926 1137 967 temperatur&
1192 937 1238 966 [ο

127 978 251 1017 partes
290 972 465 1013 Creosoti
497 978 626 1016 solvit.
678 1001 730 1010 —
781 985 926 1025 Solutio
965 994 1074 1030 unius
1125 1000 1238 1044 partis

128 1039 303 1080 Creosoti
344 1043 382 1081 in
419 1058 467 1083 ρο
501 1049 669 1095 partibus
700 1054 792 1090 acidi
832 1058 959 1096 acetici
991 1062 1139 1110 limpida
1165 1079 1238 1105 ma-

124 1118 210 1157 net,
256 1111 398 1151 etiamsi
440 1128 534 1164 aqua
580 1120 846 1172 admisceatur,
895 1139 962 1166 nec
1007 1132 1233 1175 Creosotum

125 1179 211 1217 inde
244 1193 452 1230 separatur.

174 1250 209 1287 E
234 1252 375 1290 salibus
393 1282 406 1301 ‚
431 1278 435 1282 ,
457 1268 565 1303 quaet
586 1257 792 1299 formantur
826 1267 1088 1314 conjunctione
1124 1274 1234 1325 hujus

123 1320 217 1357 acidi
253 1333 337 1360 cum
374 1326 598 1372 corporibus
636 1330 739 1377 regni
777 1332 1006 1385 inm-ganici,
1050 1354 1144 1389 quae
1173 1347 1234 1385 ba-

121 1400 207 1428 seos
228 1392 473 1440 proprietates
493 1396 656 1444 habent,
685 1405 876 1448 sequentia
897 1409 1099 1448 examinata
1127 1425 1229 1454 sunt.

121 1459 256 1499 Aeetas
277 1468 448 1508 potassae
469 1465 607 1503 siccum
634 1469 795 1508 solvitur
821 1472 870 1519 in
888 1475 1087 1517 ebulliente
1116 1484 1232 1521 Creo-

119 1535 241 1576 soto,
304 1530 494 1579 refrigerio
528 1546 616 1572 vero
655 1539 771 1586 maj0r
816 1553 898 1589 pars
945 1545 1052 1585 initio
1089 1562 1233 1599 separa-

120 1605 180 1634 tur
219 1598 290 1635 sub
321 1599 439 1640 forma
474 1607 759 1655 crystallorum,
789 1612 875 1649 dum
913 1615 1143 1665 Creosotum
1167 1624 1229 1662 fla-

117 1677 323 1707 vescentem
352 1672 485 1720 accipit
509 1676 688 1714 colorem.
755 1678 851 1717 Cum
887 1694 975 1722 vero
1000 1698 1076 1740 ope
1097 1692 1227 1730 carbo-

116 1738 213 1776 natis
250 1748 421 1787 potassae
451 1743 488 1781 in
526 1748 686 1793 parando
724 1750 912 1790 Creosoto
937 1756 1078 1796 acidum
1118 1765 1228 1800 aceti-

115 1818 201 1845 cum
242 1819 458 1858 seperatur,
495 1814 545 1852 ita
582 1825 623 1853 ut
669 1827 787 1856 acetas
814 1830 985 1869 potassae
1015 1826 1221 1880 formetur,

117 1879 162 1916 ad
196 1880 307 1917 modo
352 1893 584 1922 memoratam
634 1889 897 1935 proprietatem
935 1895 995 1932 hic
1033 1897 1145 1937 bene
1168 1915 1223 1941 est

114 1948 389 1990 attendendum.
428 1953 563 1991 Aeetas
592 1956 704 1994 sodae
726 1959 762 1994 in
782 1959 981 2001 ebulliente
1006 1967 1192 2009 Creosoto
1209 2002 1221 2020 ‚

1122 2052 1220 2090 mag-

158 2139 205 2180 (ι)
231 2141 269 2171 In
290 2143 536 2174 classicafitione
559 2156 732 2185 corporum
753 2152 976 2189 vegetabilium
1003 2161 1131 2187 secutus
1152 2170 1220 2189 sum

115 2192 258 2225 ordinem
273 2217 282 2233 ‚
312 2207 406 2237 quem
428 2197 515 2229 clar.
540 2198 577 2229 P.
607 2199 639 2229 J·
661 2200 694 2231 J.
715 2201 736 2230 d
751 2213 767 2232 e
788 2202 812 2233 F
829 2215 845 2234 r
859 2216 919 2235 em
933 2217 948 2236 e
963 2218 1012 2247 ry
1036 2209 1069 2239 in
1090 2210 1218 2243 Scholis

116 2242 154 2274 de
180 2246 290 2280 Chem.
305 2260 412 2290 orgau.
435 2251 513 2283 1854
532 2255 713 2293 proposuit.
