1487 2625
386 193 982 234 THEoLoGtCA.
1189 207 1233 247 41

125 306 201 344 tius
229 304 431 352 indicavit,
472 317 579 353 quam
611 305 811 354 explicuit,
851 318 894 344 ex
928 306 1085 345 hominis
1108 317 1237 346 natura

124 374 287 423 probat,
323 361 423 414 eiitra
454 376 638 414 hominem
673 375 849 414 exsistere
867 386 1031 416 naturam
1056 379 1236 426 quandam

125 445 269 483 ratione
299 446 525 493 praeditam:
577 457 658 483 nam
699 448 888 492 ostendit,
940 459 1011 493 ea,
1047 460 1064 484 e
1102 448 1239 495 quibus

124 525 264 563 corpus
300 515 502 553 humanum
536 515 786 564 compositum
824 525 904 563 est,
957 518 1123 555 desumta
1158 528 1241 555 esse

125 595 145 622 a
172 583 283 623 variis
319 584 535 632 elementis,
576 594 678 623 extra
719 585 905 624 hominem
943 587 1238 634 exsistentibus,

124 654 292 702 adeoque
322 655 514 705 analogice
550 656 677 693 eodem
719 656 830 693 modo
854 657 899 693 de
923 657 1065 694 ratione
1088 660 1242 697 conclu—

124 724 286 763 dendum
323 735 430 764 esse:
471 726 559 763 haec
595 737 708 773 quum
747 725 961 764 hominibus
985 727 1102 774 insit,
1139 736 1242 766 extra

127 793 316 832 hominem
351 794 455 832 etiam
491 806 572 832 esse
608 794 739 832 debere
775 805 962 843 mentem,
1001 798 1105 846 ejus,
1147 808 1242 845 quae

128 864 272 902 homini
307 864 427 912 inest,-
462 864 594 902 mentis
631 863 788 903 fontem.
844 866 929 903 Hoc
955 876 1240 914 argumentum,

128 934 233 982 quod
254 944 343 972 sane
368 945 444 972 non
471 944 636 982 magnam
663 935 846 983 probandi
867 936 938 973 vim
961 936 1097 984 habet,
1126 937 1241 985 prima

127 1005 252 1052 specie
288 1004 490 1042 convenire
520 1004 667 1043 videtur
692 1016 775 1042 cum
803 1017 872 1052 eo,
911 1007 1013 1052 quod
1036 1009 1072 1043 in
1100 1007 1240 1044 scholis

127 1074 264 1113 dicitur
290 1088 309 1112 e
337 1075 509 1124 fortuita
537 1084 700 1112 naturae
722 1074 925 1113 conditione
954 1077 1134 1115 ductum
1175 1077 1240 1113 sed

127 1153 249 1182 tamen
263 1155 389 1181 revera
405 1144 561 1181 multum
579 1143 623 1180 ab
638 1155 682 1180 eo
697 1143 818 1182 differt
835 1156 845 1182 ι
876 1145 946 1182 hoc
968 1147 1150 1183 materiam
1164 1156 1241 1184 non

129 1226 149 1252 a
172 1225 213 1251 se
233 1214 336 1262 ipsa,
364 1214 429 1251 sed
453 1224 472 1250 a
496 1224 608 1251 causa
633 1213 785 1260 quadam
803 1242 815 1261 ‚
844 1223 944 1252 extra
967 1214 1063 1252 iliam
1088 1216 1211 1263 posita
1228 1243 1241 1262 ,

129 1292 245 1321 ortam
259 1293 340 1320 esse
354 1281 513 1330 probat3
543 1281 771 1320 Socraticum
800 1283 917 1329 illud,
948 1295 1089 1332 corpus
1115 1285 1243 1322 huma-

129 1364 243 1400 num,
283 1353 450 1399 adeoque
475 1351 580 1389 etiam
607 1361 764 1389 mentem
796 1353 989 1390 humanam
1006 1381 1018 1399 ,
1060 1362 1140 1391 orta
1162 1366 1243 1392 esse

129 1432 150 1459 e
179 1420 433 1469 corporibus,
473 1429 509 1458 et
543 1431 587 1457 ex
623 1428 744 1458 mente
785 1422 970 1468 quadam,
1014 1434 1109 1470 quae
1142 1431 1244 1461 extra

129 1490 315 1529 hominem
336 1489 458 1528 adsint
475 1518 487 1536 ,
514 1490 642 1528 adesse
665 1490 777 1538 igitur
799 1492 900 1529 extra
923 1480 1108 1530 hominem
1135 1502 1244 1532 natu-

130 1572 204 1599 ram
232 1561 412 1610 quandam
443 1559 584 1598 ratione
610 1560 808 1608 praeditam
825 1588 839 1607 ,
867 1561 1045 1601 divinam.

180 1632 265 1670 Alia
304 1642 381 1668 non
419 1639 622 1668 occurrunt
659 1631 757 1679 apud
794 1632 1158 1680 Xenophontem
1186 1644 1244 1671 ar-

130 1708 318 1749 gumenta.
346 1700 506 1738 Videtur
527 1703 647 1738 tamen
665 1701 889 1740 Socrates
918 1702 1087 1751 inprimis
1112 1703 1243 1741 sensui

129 1770 272 1809 cuidam
317 1770 442 1808 innato
481 1771 757 1819 persuasionem
795 1773 841 1809 de
865 1772 948 1811 Diis
973 1772 1239 1811 inaedifieasse.

129 1841 227 1880 Nam
267 1839 336 1890 (1)
375 1841 477 1879 Deos
514 1853 571 1878 res
612 1841 787 1880 humanas
827 1854 955 1880 curare
986 1843 1240 1891 probaturus,

129 1920 312 1960 provocat
353 1910 399 1948 ad
440 1921 591 1948 sensum
616 1938 629 1957 ,
692 1911 758 1958 qui
807 1912 1021 1950 hominibus
1065 1913 1239 1951 omnibus

129 1980 248 2027 insit,
286 1981 390 2019 Deos
422 1988 458 2017 et
489 1990 624 2018 nocere
650 1979 742 2028 ipsis
770 1993 912 2028 posse,
941 1992 977 2020 et
1012 1982 1238 2022 benefacere.

128 2050 298 2100 Agnovit
331 2050 445 2099 igitur
476 2052 514 2088 in
538 2050 689 2088 homine
718 2062 869 2090 sensum
893 2061 1044 2091 naturae
1068 2054 1239 2104 superio-

129 2121 180 2159 ris
204 2121 442 2169 hominisque
478 2120 523 2158 ab
561 2131 603 2158 ea
631 2120 908 2170 dependentiae.
960 2123 1102 2163 Eodem
1127 2125 1238 2162 modo

1188 2193 1242 2232 cli-

173 2264 221 2309 (ι)
244 2266 512 2303 Memorabilium
534 2266 564 2297 1.
586 2277 615 2299 c.
636 2266 668 2298 4.
694 2262 723 2304 ἕ.
746 2267 796 2299 ι6.
