1487 2625
531 155 878 195 MEDICA.
1188 171 1253 206 103

155 270 273 301 autem
315 263 399 300 loco
438 263 476 300 hi
521 263 765 300 adhibuerunt
797 262 1029 300 Ammoniam
1077 265 1250 310 liquidam

156 343 228 370 una
260 343 344 370 cum
381 332 568 371 solutione
605 333 746 370 nitratis
784 333 922 380 liquori
959 345 1135 381 venenato
1173 344 1254 382 gut-

155 402 257 439 tatim
281 402 544 440 admiscendam
586 403 668 449 (1).
723 403 855 441 Dfilk
894 403 995 441 aliam
1031 403 1159 452 agendi
1196 415 1253 441 ra-

155 471 293 509 tionem
319 480 468 510 secutus
495 481 554 510 est
581 475 624 521 (2
653 499 663 510 .

203 541 346 580 Eodem
379 542 491 580 modo
522 542 724 590 praeparari
766 550 889 589 potest
917 553 957 578 ac
984 541 1074 579 illud
1108 543 1152 579 de
1179 553 1254 589 quo

154 612 266 649 modo
301 611 490 659 vidimus,
535 612 645 648 modo
675 622 744 658 pro
775 610 878 648 acido
915 611 1131 659 sulphurIco
1166 610 1255 648 sub-

153 681 329 721 stituatur
353 681 541 720 uitricum.

200 751 386 790 Guttatim
407 751 547 799 liquori
571 759 747 798 suspecto
770 749 1060 802 adjicitur-„quo
1083 749 1182 788 facto
1197 778 1209 798 ,
1224 750 1258 787 si

151 822 321 860 Arsenici
350 822 513 870 oxydum
548 820 665 867 adsit,
691 820 843 859 arseniis
869 819 1025 868 Argenti
1050 821 1169 859 oritur
1197 832 1261 857 co-

151 892 231 931 lore
266 893 362 930 flavo
388 890 606 940 splendente
645 882 842 928 imbutum.
898 890 1053 928 Acidum
1084 889 1178 927 enim
1204 889 1260 927 ni-

155 961 290 999 tricum
306 972 391 998 cum
414 959 611 998 Ammonia
624 957 791 996 efformat
810 958 976 996 nitratem
993 986 1006 1004 ‚
1034 966 1143 1005 atque
1157 958 1260 996 acido

149 1030 364 1068 arsenicoso
397 1029 554 1078 Argenti
598 1029 724 1076 oxydo
761 1029 903 1066 sociato
950 1028 1122 1076 producit
1161 1040 1258 1065 arse-

151 1100 280 1138 niitem
305 1098 486 1147 Argenti,
501 1099 547 1137 ad
570 1099 678 1148 qu'us
691 1105 810 1135 autem
835 1096 1091 1134 formationem
1110 1108 1260 1135 necesse

150 1178 236 1216 est,
274 1177 318 1207 ut
356 1168 513 1217 liquoris
551 1176 681 1206 natura
713 1168 813 1205 acida
851 1169 909 1206 vel
945 1166 1097 1204 alcalina
1132 1177 1260 1204 neutra

150 1239 344 1286 reddatur,
399 1239 571 1276 Potassae
611 1238 670 1276 vel
712 1237 806 1290 acidi
846 1237 974 1274 acetici
1018 1248 1090 1284 ope
1111 1265 1122 1283 .,
1173 1240 1258 1274 cum

149 1307 316 1355 alioquin
348 1317 383 1345 et
416 1308 454 1345 in
486 1307 589 1345 acido
626 1315 661 1344 et
695 1307 731 1344 in
771 1307 872 1344 alcali
914 1306 1026 1344 libere
1062 1307 1261 1354 praesenti-

151 1378 222 1417 bus
250 1379 456 1416 solveretur
481 1376 636 1415 arseniis
665 1382 903 1424 productum.

199 1447 446 1485 Monentibus
490 1447 726 1484 Marceto
771 1456 806 1483 et
861 1447 1064 1494 Rogeto
1111 1446 1262 1483 Arseni-

151 1528 237 1555 cum
275 1516 457 1564 detegitur
491 1527 654 1564 25‚000
681 1524 718 1554 et
745 1528 908 1563 50‚000
938 1526 1054 1563 aquae
1090 1515 1258 1563 partibus

149 1587 331 1638 solutum.
395 1587 541 1635 MaJ'ore
577 1598 692 1633 aquae
722 1586 829 1633 copia
864 1587 968 1623 color
1004 1585 1045 1622 fit
1080 1587 1260 1623 caerules-

149 1667 265 1704 cens,
303 1655 474 1703 idemque
510 1656 628 1694 adhuc
660 1655 849 1700 cernitur,
891 1655 1060 1702 quamvis
1091 1655 1261 1692 Arsenici

149 1725 312 1775 oxydum
355 1728 508 1776 ³³53&ae
556 1734 696 1763 tantum
743 1724 872 1762 efficiat
919 1724 1120 1762 solutionis
1178 1737 1259 1772 par-

1191 1804 1261 1832 tem

192 1932 241 1973 (1)
265 1931 370 1961 Lond.
403 1931 483 1961 med.
517 1930 659 1970 chirurg.
698 1931 895 1964 Transmon,
931 1928 1010 1958 Vol.
1041 1928 1088 1958 II.
1124 1939 1154 1966 p.
1185 1929 1256 1968 157.

152 1995 183 2015 se
211 2004 220 2015 .

187 1995 244 2077 (ἐς)
265 2037 356 2067 Berl.
387 2034 507 2066 Jahrb.
528 2035 586 2064 der
618 2036 776 2070 Pharna,
817 2034 876 2063 nd.
906 2034 1038 2063 xxm.
1060 2045 1092 2072 p,
1117 2035 1188 2065 215.
1212 2034 1256 2065 D.

150 2093 285 2121 Preuss.
318 2088 499 2118 Pharmak.
521 2088 627 2118 iehers.
657 2099 690 2118 u.
723 2088 872 2124 erlaia't.‚
913 2087 967 2116 ssd.
999 2087 1021 2117 l.
1056 2098 1087 2126 p.
1112 2087 1180 2126 167.
1202 2087 1254 2117 Cf.

152 2143 178 2173 B
191 2154 208 2173 r
221 2153 237 2172 a
249 2153 270 2172 n
284 2142 304 2171 d
319 2153 335 2172 e
349 2153 363 2172 s
378 2162 388 2179 ‚
408 2141 540 2172 Archiv.
554 2163 563 2178 ‚
587 2142 677 2173 1828.
706 2141 764 2171 Ed.
787 2140 900 2171 XXV.
923 2151 954 2179 p.
977 2141 1047 2181 274.
1070 2145 1101 2170 et
1121 2141 1146 2170 R
1160 2140 1170 2169 i
1185 2151 1202 2174 c
1216 2144 1260 2169 h-

153 2202 245 2235 ter,
268 2196 291 2227 l.
313 2206 340 2229 c.
367 2207 398 2235 p·
414 2196 491 2236 698.
