1487 2625
223 191 273 228 44
449 178 1112 217 COMMENtATIO

227 289 503 334 observantur,
533 300 625 336 quae
660 289 800 324 tertiam
839 287 1001 325 efficiunt
1035 288 1334 326 observationum

227 358 375 404 seriem.

275 428 436 466 Pertinet
463 427 536 464 huc
563 438 671 464 casus
701 425 788 472 ille,
818 438 894 473 quo
919 438 967 463 ex
981 428 1151 475 longiore
1166 427 1337 471 Arsenici

226 509 299 536 usu
336 506 515 543 externo,
551 496 597 534 ad
622 496 893 534 discutiendum
920 497 1006 534 colli
1034 506 1244 553 tumorem,
1273 508 1337 545 pa-

223 567 355 615 ralysis
382 567 569 604 oriebatur
603 568 857 604 musculorum
892 566 980 603 colli
1008 576 1043 604 et
1070 566 1212 604 brachii
1233 567 1337 610 ,illius

223 639 344 677 lateris
360 666 372 685 ,
400 638 461 676 cui
489 637 708 675 Arsenicum
737 636 857 692 fuerat
883 637 1071 674 admotum
1097 636 1182 685 (Ι).

273 709 507 747 Universatis
535 709 650 755 magis
677 716 754 744 erat
781 705 957 752 affectio,
986 718 1030 744 ex
1056 706 1182 743 eadem
1208 717 1336 752 causa,

223 778 264 816 in
290 777 451 816 foemina
478 785 695 825 provocata.
755 776 895 813 Totius
923 776 1092 824 corporis
1119 776 1340 824 erysipelate

223 849 446 888 afficiebatur
472 857 507 885 et
533 849 654 885 calore
682 858 745 894 per
773 846 916 893 aliquot
942 847 1020 883 dies
1048 854 1190 883 urente.
1242 845 1342 883 Viri-

222 920 294 957 bus
334 922 430 957 lente
472 917 710 962 consumtis,
761 915 912 953 biennio
952 917 1106 963 elapso,
1148 914 1228 953 fato
1267 927 1339 953 suo

222 989 476 1038 fungebatur,
527 995 696 1035 correpta
740 994 846 1024 antea
886 985 1052 1023 omnium
1090 985 1338 1023 membrorum

222 1070 396 1098 tremore.
426 1058 512 1106 (2).

270 1130 450 1176 Juvenem
475 1139 522 1165 ex
549 1125 728 1174 unguenti
763 1125 970 1163 arsenicalis
1003 1136 1073 1162 usu
1089 1152 1102 1172 ‚
1140 1124 1178 1162 in
1205 1125 1342 1163 insani-

223 1210 279 1237 am
304 1197 521 1244 devenisse,
556 1205 711 1234 testatur
740 1196 936 1233 Amatus
959 1194 1230 1233 Lusitanus
1257 1197 1340 1246 (3).

734 1366 769 1412 ς.
805 1379 862 1414 13.

272 1513 467 1550 Venenum
491 1518 660 1548 nostrum
690 1520 756 1556 per
780 1507 949 1555 vaginam
981 1501 1259 1554 introductum,
1286 1509 1340 1545 le-

225 1584 341 1621 thales
371 1592 542 1619 exserere
567 1578 746 1624 effectus‚
783 1577 921 1627 triplici
947 1578 1116 1625 exemplo
1144 1577 1338 1626 probatur.

276 1653 457 1690 Rusticus
475 1679 488 1697 ‚
530 1662 613 1688 cum
650 1649 808 1686 diversis
845 1647 991 1686 vicibus
1021 1658 1056 1685 et
1083 1649 1192 1686 variis
1220 1650 1340 1687 modis

222 1724 418 1772 conjugem
444 1720 649 1758 interficere
670 1729 825 1757 conatus
851 1716 1014 1766 fuisset,
1049 1720 1193 1757 tandem
1227 1719 1344 1757 Arse-

223 1793 297 1831 nici
323 1801 359 1830 et
385 1791 523 1829 farinae
551 1791 770 1836 mixturam,
798 1790 900 1826 coitu
928 1798 1103 1836 peract0‚
1132 1789 1239 1838 digiti
1266 1801 1339 1837 ope

223 1864 260 1901 in
277 1862 446 1912 genitalia
470 1860 652 1907 immisit,
679 1868 814 1897 eventu
841 1867 928 1908 post
954 1860 1047 1896 diem
1076 1859 1215 1897 lethali.
1254 1859 1339 1897 Ma-

222 1933 437 1971 trimonium
464 1931 595 1969 deinde
623 1930 705 1967 iniit
732 1941 817 1967 cum
842 1930 920 1978 eJus
946 1928 1083 1967 famula
1102 1929 1335 1976 concubina,

222 2016 345 2051 quae,
387 2002 536 2040 consilii
576 2012 725 2038 uxorem
766 1999 988 2044 occidendi,
1021 2009 1125 2037 antea
1151 1998 1336 2048 particeps

1257 2068 1337 2106 fue-

263 2140 606 2182 (1)Christison‚
634 2140 656 2169 l.
681 2151 708 2169 c.
732 2150 762 2176 p.
785 2139 856 2169 328.

265 2195 313 2234 (2)
339 2194 507 2229 Belloc,
535 2195 637 2223 coms
655 2194 692 2222 de
713 2193 832 2222 Ille'clic,
856 2192 921 2232 leg.
942 2202 974 2230 p.
991 2190 1060 2222 153.
1081 2191 1132 2220 Cf.
1150 2190 1334 2229 Foderd,

226 2249 344 2279 Traite'
369 2249 406 2276 de
430 2248 517 2277 Med.
543 2247 608 2286 le'g.
636 2246 731 2275 Tom.
755 2244 817 2276 1V.
843 2256 876 2284 p.
893 2245 961 2277 124.
990 2245 1078 2275 Paris
1094 2246 1183 2277 1813.

263 2300 312 2341 (3)
335 2300 585 2336 Sennertus.
612 2299 635 2330 l.
653 2299 1024 2331 c.-1.·'0derc'.ihid.
