1487 2625
361 244 957 287 THEOLOGICA.
1169 257 1215 295 19

105 363 207 404 rant,
246 357 313 396 sed
349 367 447 395 nunc
481 356 669 404 antiquata
707 363 823 394 erant.
874 353 1068 393 Docebant
1101 365 1212 393 suum

103 427 266 475 cuique,
317 428 419 475 quod
453 427 653 475 opinatur,
699 437 826 464 verum
865 435 973 472 esse3
1024 423 1212 463 hominem

101 498 225 535 colere
247 507 325 535 non
350 496 536 534 veritatem
556 524 569 544 ‚
610 496 675 533 sed
706 494 871 532 veritatis
905 494 1089 543 speciem
1124 501 1211 533 eum

100 566 188 605 duci
223 576 300 605 non
337 567 501 605 veritatis
529 557 677 613 amore,
719 565 784 602 sed
811 564 1027 613 opinionum
1055 565 1210 604 studio:

99 636 188 674 hinc
225 636 319 675 illud
352 636 683 684 Protagorae,
723 636 880 673 omnium
917 645 1045 673 rerum
1068 641 1212 673 mensa*

98 717 184 745 ram
211 719 282 746 esse
308 707 501 745 hominem.
559 706 660 743 Deos
688 716 770 742 esse
795 703 1004 752 negabant,
1031 705 1091 742 vel
1116 703 1208 743 n'um

98 785 250 824 essent,
303 776 342 814 in
375 775 496 814 medio
532 774 816 822 relinquebant,
866 773 987 812 omnia
1022 773 1209 813 exstitisse

97 845 260 885 dicentes
284 849 419 897 φύσει,
447 848 543 895 τύχῃ
559 873 575 894 ,
601 847 729 895 τέχνῃ·
765 843 905 893 Legem
930 854 1075 882 omnem
1091 871 1105 890 ,
1121 831 1206 882 *tam

97 918 269 955 moralem
295 927 403 963 quam
429 915 603 962 civilem,
631 922 749 951 ortam
772 924 852 951 esse
881 915 991 962 τέχνῃ
1009 940 1022 959 ,
1059 910 1208 959 excogi-

97 995 206 1025 tatam
230 986 275 1024 ab
307 985 520 1024 hominibus
546 984 814 1030 debilioribus,
842 991 885 1021 ut
905 986 1116 1022 coercerent
1138 983 1208 1021 ho·

98 1056 236 1095 minum
260 1055 435 1094 felicioris
457 1054 594 1103 ingenii
616 1054 706 1093 vim.
746 1052 1022 1102 Praecipiebant
1039 1052 1207 1103 justitiae

96 1126 258 1175 speciem
288 1137 373 1173 prae
400 1134 436 1162 te
461 1124 579 1171 ferre,
620 1132 656 1161 et
687 1135 768 1162 esse
803 1134 910 1171 quam
936 1123 1094 1161 maxime
1117 1133 1209 1171 posu

97 1197 150 1235 sis
187 1195 365 1245 injustum
384 1206 396 1234 ε
434 1205 515 1232 nam
527 1194 722 1242 justitiam
747 1206 819 1231 esse
838 1194 1021 1242 ἀλλότριον
1044 1194 1206 1240 ἀγαθὸν,

61 1257 65 1262 ’
97 1267 225 1307 οἰκείαν
250 1267 422 1314 &omnm
462 1265 634 1312 pulcrum
667 1263 767 1302 aliud
792 1275 873 1301 esse
899 1260 1209 1309 natura‚ra1iud⁴

97 1339 205 1389 lege:
241 1346 385 1375 natura
423 1338 592 1385 pulcrum
616 1337 759 1374 esset-b
785 1340 1030 1379 πλεονεκτεῖν,
1068 1333 1211 1384 injuste

96 1407 238 1454 agendo
265 1407 371 1454 plura
397 1405 468 1443 sibi
496 1404 707 1453 acquirere,
746 1406 821 1455 lege:
848 1416 964 1452 vero,
991 1404 1092 1443 nolle
1117 1404 1212 1452 plus»

96 1476 178 1514 aliis
203 1475 339 1514 habere
367 1475 449 1524 (1).

115 1551 117 1553 ’
1103 1541 1206 1580 Haec

137 1626 186 1667 (ι)
209 1626 260 1657 Cf.
282 1626 543 1656 Tennemann
576 1625 599 1656 l.
622 1625 644 1654 1.
675 1635 706 1662 p.
723 1623 875 1655 521-525.
917 1623 1040 1652 Plato
1062 1622 1175 1661 passim
1192 1641 1204 1659 ‚

95 1679 261 1717 speciatim
281 1680 320 1709 de
340 1679 530 1720 Republica
551 1677 626 1707 Lib.
652 1677 699 1707 11.
723 1676 767 1708 V.
787 1676 969 1706 Heusdii
991 1677 1104 1706 Initia
1123 1674 1206 1706 Vol.

99 1731 147 1762 11.
181 1730 257 1760 Pars
292 1730 321 1760 1.
354 1741 424 1770 pag.
447 1731 486 1762 ιδ
506 1741 577 1770 sqq.
600 1730 689 1760 alibi.
710 1748 746 1761 ,-
767 1729 948 1761 Convenire
966 1729 1108 1768 apprime
1132 1728 1207 1760 So-

97 1784 263 1824 phistae
283 1783 436 1814 videntur
458 1795 529 1814 cum
551 1783 756 1823 Neologis
772 1804 781 1820 ‚
811 1775 843 1813 et
863 1782 1064 1822 philosophis
1085 1783 1210 1822 pleris-

98 1848 161 1878 que
187 1838 361 1876 superioris
387 1837 526 1875 saeculi,
555 1837 595 1866 ad
621 1838 718 1866 finem
743 1837 915 1876 vergentis.
956 1837 1038 1867 Nam
1063 1834 1098 1865 hi
1111 1836 1207 1867 etiam

98 1890 256 1929 principia
292 1891 441 1920 scientiae
467 1895 499 1919 et
523 1891 652 1920 virtutis
678 1891 840 1930 antiquata
865 1890 1116 1926 destruxerunt,
1151 1888 1217 1918 sed*

97 1953 181 1975 nova
208 1943 271 1982 ipsi
296 1944 435 1983 antiquis
461 1943 653 1973 substituere
678 1953 743 1972 non
767 1947 968 1981 potuerunt,
1003 1946 1077 1981 quia
1112 1941 1205 1971 scili-

97 2000 149 2027 cet
185 2006 296 2026 eorum
333 1996 483 2036 plerique
525 1996 629 2026 animo
655 2005 719 2024 non
746 1999 836 2024 erant
860 1995 899 2023 ad
922 1995 1074 2026 virtutem
1099 1994 1210 2024 infor-

96 2049 186 2080 mati.
241 2048 331 2089 Quae
364 2049 571 2079 Heusdius
593 2048 631 2077 de
655 2048 722 2077 illis
744 2047 944 2086 philosophis
972 2048 1206 2077 recentioribus

97 2102 178 2133 dicit
204 2102 226 2132 l.
245 2102 270 2131 1.
294 2112 364 2142 pag.
391 2103 421 2132 5.
475 2112 493 2130 ¹)
517 2100 668 2131 Scholam
694 2104 760 2130 tum
788 2100 921 2139 reliquit
945 2098 1149 2138 philosophia
1175 2103 1208 2129 et

98 2164 118 2183 n
138 2156 172 2185 in
207 2155 374 2186 hominum
409 2156 480 2186 luce
517 2159 549 2184 et
585 2154 771 2184 celebritate
810 2153 931 2184 versari
965 2153 1070 2191 coepit
1074 2172 1188 2183 .........
1197 2166 1207 2191 ς

97 2218 117 2237 ³)
138 2209 349 2248 popularitati
389 2209 442 2237 illi
478 2212 583 2238 autem
609 2207 691 2236 haud
720 2217 793 2236 raro
818 2206 912 2236 cessit
937 2205 1073 2235 interior
1098 2215 1206 2236 rerum

98 2271 118 2290 n
137 2262 326 2303 inquisitio3
370 2267 402 2292 et
437 2262 599 2291 hominem
636 2264 800 2289 externum
825 2258 1063 2299 diligentissime
1087 2258 1205 2297 explo-

1088 2321 1107 2340 D
1129 2322 1207 2343 1³31]-

613 2368 689 2406 ΒΞ
