1487 2625
348 231 936 271 THEOLOGICA.
1146 234 1196 280 65

86 343 248 388 faceret,
288 353 354 380 nec
391 350 448 380 est
482 341 577 379 inter
616 352 706 388 eos,
746 340 810 389 qui
837 338 998 378 hominis
1025 347 1192 378 naturam

87 423 195 460 quam
233 412 390 449 maxime
425 419 589 459 possunt
629 410 854 458 deprimunt.
935 410 1076 448 Contra
1115 410 1189 447 alte

85 481 265 520 sentiebat
295 481 340 519 de
366 480 527 518 hominis
554 479 703 528 ingenio
719 508 732 526 ‚
770 480 842 517 hoc
870 479 976 517 etiam
1002 478 1059 516 uti
1083 478 1191 528 jube-

81 551 145 589 bat
169 563 313 599 semper
339 562 445 599 quam
474 549 655 596 maxime5
695 549 771 587 imo
805 548 974 586 illicitum
1003 548 1188 596 habebat,

80 622 126 658 ad
151 621 253 659 Deos
280 603 467 658 recurrere
485 648 497 666 ‚
523 618 589 656 ubi
614 618 712 656 ratio
733 626 861 656 nostra
885 618 996 656 nobis
1023 618 1190 656 sufficere

80 689 218 737 possit.
270 690 343 727 Sed
378 688 489 727 simul
522 688 669 737 penitus
703 687 910 733 sentiebat,
938 688 1052 726 multa
1079 699 1189 736 esse,

80 758 126 797 ad
152 757 244 805 qua'e
271 758 344 806 ipsi
369 769 445 796 non
471 757 718 804 sufficiamus;
748 769 854 805 saepe
866 756 972 804 fieri,
997 766 1039 796 nt
1053 758 1192 807 majore

50 831 52 835 ’
82 828 237 874 quadam
282 839 390 875 quam
428 839 497 874 ea,
536 838 608 874 qua
635 826 803 864 homines
836 827 1020 874 gaudent,
1045 826 1191 876 sapien-

81 886 131 937 tia
150 897 368 935 horninibus
400 908 496 945 opus
535 897 609 944 sit;
650 905 686 934 et
712 894 886 934 omnibus
914 895 988 944 iis,
1020 896 1086 944 qui
1118 897 1191 933 hoc

70 965 316 1012 sentiebant,
352 966 526 1004 suadebat
562 965 779 1003 divinationi
812 969 958 1013 operam
992 966 1077 1004 dare
1105 964 1191 1014 (1).

82 1020 390 1083 Simulquoque,
414 1036 516 1083 quod
534 1036 601 1071 rite
625 1035 798 1073 observat
816 1035 1086 1083 Xenophon
1099 1035 1191 1082 (2),

81 1089 158 1140 non
185 1089 275 1142 usus
311 1104 444 1143 fuisset
479 1103 729 1150 divinatione,
767 1115 834 1141 nec
868 1105 1032 1142 Deorum
1067 1103 1193 1142 consi-

81 1172 142 1210 liis
167 1183 311 1220 semper
335 1172 652 1220 obtemperasset,
687 1172 757 1209 nisi
785 1172 856 1211 sibi
880 1185 1097 1222 persuasum
1128 1174 1192 1211 ha-

82 1241 230 1280 buisset
246 1269 259 1288 ‚
299 1243 401 1280 Deos
427 1250 463 1278 et
487 1253 599 1289 posse
625 1249 661 1279 et
688 1242 781 1280 velle
806 1243 1021 1281 hominibus
1053 1253 1191 1283 consu-

82 1312 171 1348 lere.

121 1380 264 1437 ¹Talem
290 1380 400 1419 animi
435 1391 584 1419 sensum
613 1392 689 1418 non
717 1393 920 1429 possumus
950 1393 1026 1420 non
1051 1382 1090 1421 in
1114 1381 1193 1421 So-

83 1459 213 1489 crate
244 1437 420 1500 diligere,
448 1451 513 1488 sed
539 1438 650 1498 prave
676 1460 733 1488 est
761 1451 937 1490 directus.
979 1452 1127 1490 Erravit
1153 1452 1193 1490 in

86 1531 142 1557 eo*
165 1521 419 1566 Socrates,
458 1521 586 1567 quod,
629 1532 743 1567 quum
784 1521 1029 1569 intelligeret,
1078 1509 1194 1559 multa

85 1585 205 1628 Deum
231 1589 301 1627 sibi
330 1601 560 1636 reservasse,
583 1599 659 1627 non
681 1591 928 1640 intelligeret,
953 1593 1074 1630 Deum
1098 1592 1194 1629 nihil

87 1669 157 1697 nos
186 1660 301 1697 celare
317 1688 330 1707 ‚
358 1661 459 1707 quod
482 1660 575 1697 scire
597 1670 722 1698 nostra
747 1660 906 1699 intersit.
965 1662 1072 1700 Deus
1096 1644 1193 1700 enim

88 1741 131 1767 eo
156 1730 239 1777 ipso
255 1758 267 1776 ‚
293 1730 394 1776 quod
414 1723 484 1768 'illa
506 1731 578 1767 sibi
604 1739 789 1778 reservat,
822 1730 985 1769 ostendit
1014 1743 1055 1770 se
1076 1732 1193 1780 velle,

89 1808 131 1837 ut
157 1799 326 1837 homines
353 1798 487 1837 fidente
510 1801 631 1838 animo
659 1812 699 1838 ea
723 1801 796 1838 sibi
815 1801 1075 1851 committant3
1115 1814 1194 1842 non

90 1879 132 1907 ut
170 1870 258 1907 haec
300 1868 462 1907 oraculis
504 1879 539 1906 et
577 1870 867 1910 divinationibus
901 1884 921 1908 a
963 1883 1002 1908 se
1038 1883 1193 1919 percon-<1

93 1948 231 1978 tentur-

1095 2155 1128 2201 ᾗ.
1156 2164 1196 2202 4ο

140 2234 187 2273 (ι)
211 2234 262 2265 Cf.
283 2236 380 2264 Mem.
404 2234 464 2263 IV.
486 2244 513 2263 e.
528 2245 558 2272 7.
583 2236 613 2273 §⁹
628 2242 677 2263 ιο.

140 2287 188 2326 (2)
213 2287 264 2316 Cf.
285 2289 382 2317 Mem.
406 2288 433 2317 Ι.
457 2297 528 2317 c.1.
551 2285 624 2326 §.5.

151 2359 281 2386 GRAT.
627 2347 658 2383 E
