1487 2625
527 178 877 230 MEDICA.
1188 217 1259 255 129

152 276 308 318 dicando
345 281 527 324 Arsenico
567 291 795 343 sensilitate,
828 310 981 350 eamque
1021 305 1112 347 bene
1132 314 1260 354 multis

149 347 339 387 erroribus
378 362 457 391 esse
488 355 683 400 obnoxiam
717 375 821 406 antea
854 369 1041 424 vidimus,
1096 391 1257 431 cumque

148 413 302 465 insuper
333 420 476 461 acidum
510 425 677 468 horicum
695 460 707 480 ,
737 437 823 483 quia
852 443 973 483 omnis
995 457 1112 496 aquae
1135 454 1254 494 rarius

145 485 195 523 sit
226 498 384 539 expers,
410 496 724 551 experimentum,
754 509 855 554 quod
877 523 959 552 cum
987 517 1130 559 minore
1163 525 1254 563 sub-

147 557 302 597 stantiae
347 564 552 610 quantitate
598 569 836 625 instituitur,
888 580 996 623 facile
1038 590 1186 640 turbet,
1214 604 1251 634 et

142 634 272 675 magna
297 641 382 669 cum
415 636 585 676 arseniite
617 641 739 682 Calcis
774 659 950 700 praeceps
990 666 1047 696 eat
1081 664 1249 704 materiae

139 696 333 743 organicae
364 703 498 752 copia,
539 720 632 756 quae
661 723 870 765 empyrema
907 723 1038 765 deinde
1072 734 1249 778 producit

137 766 362 817 molestum,
391 774 609 825 tandemque
639 793 766 833 magna
789 789 960 831 Arsenici
979 808 1067 844 pars
1091 813 1111 839 a
1134 803 1248 844 Calce

135 834 280 885 sejungi
316 850 393 879 non
415 846 540 892 possit
572 850 631 899 (p.
664 863 750 895 122.
779 861 912 909 seq.),
951 869 1123 916 sequitur
1150 874 1245 914 hanc

133 906 264 952 agendi
294 910 469 952 rationem
497 928 584 964 prae
610 924 739 963 ceteris
764 937 842 967 non
868 942 950 971 esse
975 936 1205 983 laudandam.

183 973 243 1014 2⁰.
272 977 469 1022 Roloff
497 987 622 1037 itaque
654 994 757 1034 aliam
791 1005 991 1050 proposuit
1024 1013 1155 1058 agendi
1186 1025 1243 1054 ra·

133 1042 288 1086 tionem.

179 1113 387 1159 Venti-iculi
409 1132 610 1177 contenta,
648 1139 823 1183 separatis
854 1144 1048 1190 particulis
1076 1152 1239 1203 solidis,

126 1193 364 1235 coquantur,
402 1191 524 1241 iisque
556 1201 729 1247 gradatim
762 1209 916 1249 addatur
951 1216 1094 1257 acidum
1133 1222 1239 1266 nitri-

125 1262 233 1301 cum,
260 1259 305 1295 ad
339 1259 575 1310 pinguedinis
606 1270 833 1325 aliarumque
858 1281 1148 1329 substantiarum
1177 1305 1237 1331 or-

124 1323 330 1371 ganicarum
375 1336 656 1380 separationem.
734 1345 903 1396 Liquore
953 1366 1019 1402 per
1070 1361 1232 1402 chartam

121 1395 338 1435 transmisso
371 1401 590 1446 Ammoniae
623 1422 695 1461 ope
721 1416 866 1458 acidum
901 1423 1073 1466 uitricum
1094 1440 1233 1471 sature·

117 1469 179 1500 tur
203 1473 315 1516 atque
331 1468 575 1523 investigetur
590 1507 602 1526 ,
619 1491 707 1521 num
725 1487 894 1529 Arsenici
919 1493 1135 1545 detegantur
1146 1513 1233 1540 ves-

116 1530 218 1580 tigia.
272 1535 421 1587 Quibus
459 1544 640 1597 detectis,
669 1553 890 1597 Arsenicum
919 1564 1134 1613 sejungatur
1158 1582 1231 1620 ope

118 1600 351 1654 Hydrogenii
377 1612 615 1665 sulphurati,
664 1631 776 1671 atque
809 1631 1090 1680 praecipitatum
1129 1640 1232 1678 elna:

114 1679 200 1718 tur,
230 1677 438 1720 exsiccetur
460 1693 570 1733 atque
586 1700 670 1729 cum
693 1695 890 1737 carbonate
906 1700 1081 1742 Potassae
1106 1709 1149 1758 (1
1160 1710 1227 1758 p.)

110 1750 145 1779 et
169 1745 329 1785 carbone
357 1750 400 1799 s}
425 1754 489 1803 ρ.)
516 1757 554 1795 in
583 1770 721 1801 retorta
746 1766 993 1821 sublimetur,
1030 1776 1075 1812 ad
1100 1778 1225 1826 sejun-

110 1813 267 1858 gendum
296 1819 517 1863 Arsenicum
538 1832 778 1874 metallicum.

162 1882 201 1920 Si
229 1885 401 1928 deficiant
432 1898 627 1937 ventriculi
660 1914 857 1955 contenta,
886 1909 966 1959 ipse
992 1916 1221 1956 ventriculus

105 1955 310 1994 secundum
353 1962 567 2004 methodum
598 1969 753 2011 Rosei
791 1984 991 2029 tractetur,
1018 1984 1110 2030 sed,
1133 1988 1219 2025 loco

103 2032 220 2069 aquae
234 2026 358 2066 Calcis
371 2058 382 2077 ,
399 2031 644 2086 Hydrogenio
666 2044 887 2091 sulphurato
903 2051 1021 2090 utitur
1034 2053 1067 2092 R
1081 2057 1161 2094 010
1175 2057 1225 2096 ff

102 2093 452 2148 praecipitatumque
475 2106 519 2143 ad
533 2110 666 2147 metalli
683 2113 953 2156 restitutionem
968 2149 980 2169 ,
1004 2126 1114 2163 modo
1138 2127 1216 2165 dic·

102 2167 136 2197 ta
161 2162 301 2204 ratione
318 2195 331 2214 ,
355 2169 592 2222 decomponit
615 2179 700 2229 (1).

141 2259 193 2302 (1)
217 2262 240 2293 B
258 2268 273 2296 ij
288 2276 304 2296 c
319 2267 336 2296 h
353 2278 371 2298 o
389 2271 399 2300 l
414 2283 428 2302 z
442 2294 451 2309 ,
479 2276 695 2317 Tassclaeenh„
722 2284 811 2314 1814.
833 2295 867 2324 p.
889 2288 939 2320 66.
1113 2246 1211 2285 cum

138 2325 229 2357 ENS.
659 2337 674 2373 l
