1487 2625
451 184 893 220 ADNOTATIO.
1068 216 1075 218 i
1184 187 1223 221 71

121 291 204 326 liori
235 291 313 336 lege
341 287 598 337 Franequeram
635 290 921 327 traducebantur.
962 289 991 324 V
1000 303 1018 325 r
1030 290 1043 325 i
1054 301 1073 324 e
1085 301 1121 325 m
1130 302 1151 325 ο
1162 302 1182 325 e
1196 295 1222 326 t.

119 362 200 398 pag.
223 351 269 394 55
293 356 329 385 et
353 351 490 397 passim.
538 351 723 387 Enimvero
744 351 879 398 Lipsius
893 352 970 397 jam
991 351 1138 398 duplum
1159 351 1227 387 ha·-

119 405 225 446 huit.'
271 411 448 457 Scaligero
487 412 700 458 stipendium
743 413 934 447 maximum
979 411 1223 454 tribuebatur,

92 470 93 473 ’
120 472 215 518 quod
235 477 310 506 tum
341 478 416 506 erat
445 473 569 507 floren.
600 472 686 506 holl.
708 472 808 506 mille
831 472 979 514 ducent,
1021 476 1058 505 et
1077 471 1228 517 amplius

120 533 315 578 octingenti
339 534 458 567 annui.
498 532 653 578 Scipioni
682 532 813 566 Gentili
842 532 959 566 oblata
982 532 1082 565 mille
1118 534 1224 578 quin-

48 596 50 601 ’
119 593 218 638 genti
254 598 290 627 et
314 592 446 627 domus.
497 593 602 627 Plura
634 592 839 637 hujusmodi
862 592 942 625 vide
976 591 1101 638 passim
1133 591 1227 638 apud

119 653 141 687 S
153 653 165 686 i
179 665 198 687 e
210 665 234 699 g
244 665 293 688 en
303 654 327 688 b
336 666 356 687 e
367 666 385 688 e
396 654 421 687 k
434 654 481 687 iu
489 666 536 688 m.
576 654 781 699 Saepissime
810 664 951 699 quoque
975 652 1226 687 remunerandi

118 718 180 747 aut
201 714 377 748 excitandi
393 714 505 759 gratia
524 713 655 748 fiebant
684 713 912 748 liberalitates
924 740 932 755 ,
961 725 1042 747 cum
1065 712 1224 758 repenti-

3 816 7 824 ·
54 788 56 791 ’
118 785 185 808 nae
204 780 279 809 tum
303 780 504 821 perpetuae.

166 895 247 941 Pag.
267 888 325 931 33}
350 896 551 930 Utilium
572 896 811 931 librorum
832 907 918 942 cop
933 896 1012 930 iae.
1064 894 1227 930 Vossiana

119 955 334 992 bibliotheca
347 962 522 992 emtaerat
537 957 684 1003 triginta
695 957 869 1000 millibus,
898 969 942 991 ex
963 956 1090 1003 quibus
1110 961 1228 991 tamen

119 1015 291 1050 dodrante
326 1016 439 1051 soluto
452 1043 461 1058 ‚
502 1023 620 1052 secuta
650 1023 703 1051 est
739 1018 782 1051 lis
817 1029 898 1052 cum
934 1017 1077 1064 publico
1115 1016 1228 1051 detri-

118 1083 239 1111 mento
259 1077 443 1111 duodecim
466 1078 618 1112 millium
630 1091 639 1121 ς
664 1079 721 1124 cuj
730 1091 770 1113 us
781 1078 855 1113 litis
866 1090 984 1113 causas
998 1078 1106 1113 tradit
1128 1078 1150 1112 S
1164 1077 1226 1111 ie-

118 1136 348 1182 genbeek.
387 1137 426 1172 T.
451 1137 481 1172 Ι.
507 1148 588 1183 pag.
614 1137 672 1172 210.
698 1163 699 1166 ,

164 1257 254 1292 Ibid.
271 1257 357 1292 Sch
370 1258 447 1293 aaf
455 1258 501 1292 iu
514 1271 542 1292 s.
567 1257 620 1293 Ad
633 1259 806 1294 edendum
816 1271 916 1294 suum
930 1271 1016 1306 opus
1026 1259 1224 1295 Arameum.

118 1317 344 1363 Siegenb.
371 1318 448 1364 Lp.
477 1319 558 1354 237.
607 1319 685 1355 Jam
709 1320 885 1370 Ottoni
914 1320 1224 1355 Heni-niome-

119 1377 197 1412 dico
220 1378 392 1412 librorum
426 1378 640 1414 edendorum
668 1373 782 1425 gratia
815 1378 935 1434 annua
961 1386 1119 1417 trecenta
1142 1382 1227 1416 data

118 1438 272 1473 fuerant.
297 1437 350 1471 Id.
373 1450 408 1484 p.
437 1438 515 1473 1148.

167 1558 258 1594 Ibid.
307 1559 508 1606 een-ica}
531 1546 736 1595 Porntzini
771 1561 995 1596 historia.
1044 1561 1150 1596 Notat
1170 1561 1229 1595 de

120 1619 274 1655 Wind.
300 1621 514 1656 Bibliotheek
539 1622 601 1655 der
625 1621 904 1656 Nederlandsche
931 1621 1225 1668 Geschiedschrg’j-

121 1693 210 1716 vers.
238 1681 456 1728 Middelburq
472 1687 576 1717 5832.
601 1681 639 1716 in
663 1681 832 1718 Pontano.

129 1808 132 1811 “
170 1801 260 1836 Ibid.
285 1802 338 1836 Ut
359 1802 502 1837 etiam
523 1802 570 1836 in
594 1802 869 1847 Theologis.
897 1803 996 1847 Quod
1020 1804 1058 1837 in
1082 1804 1230 1838 Statutis

125 1863 270 1908 Collegii
296 1863 498 1907 'theologici
531 1863 689 1905 videtur,
718 1864 802 1898 anni
833 1864 934 1899 1631.
955 1864 1048 1899 Part.
1070 1864 1117 1898 ΙΙ.
1145 1864 1227 1909 Cap.

126 1926 170 1959 8:
197 1951 218 1967 ,‚
247 1924 314 1970 oste
341 1924 401 1957 ook
426 1935 480 1957 om
503 1930 534 1958 te
552 1925 824 1971 pereyrinereh,
862 1925 949 1959 ende
974 1925 1104 1959 andere
1129 1924 1226 1959 Lan-

124 2012 146 2029 „
175 1986 264 2027 den,
298 1984 590 2026 Universiteitem
619 1986 707 2019 ende
733 1985 874 2019 Kerken
899 1991 931 2018 te
954 1985 1175 2019 besoeckenss'

172 2108 252 2152 Pag.
266 2107 322 2141 310.
351 2105 675 2153 CuiqueDania
688 2117 740 2152 op
753 2105 887 2140 timos
900 2116 1016 2151 quos
1029 2116 1087 2150 qu
1100 2115 1131 2139 e.
1157 2104 1225 2139 Ve-

123 2168 191 2202 luti
217 2167 465 2202 Sneedorffium
491 2172 528 2201 et
546 2167 572 2201 O
584 2178 604 2200 e
615 2166 640 2200 h
652 2167 665 2200 1
679 2177 699 2200 e
709 2178 732 2200 n
746 2179 760 2200 s
771 2178 790 2201 c
800 2166 879 2200 1115
893 2178 916 2211 g
929 2177 948 2200 e
962 2178 990 2200 r.
1018 2165 1095 2200 vid.
1117 2166 1224 2200 Snee-

124 2228 225 2263 dorfii
265 2228 338 2263 vita
350 2255 357 2269 ,
411 2231 553 2262 auctore
590 2227 710 2262 Suhm.
745 2227 932 2273 praemissa
967 2226 1033 2260 viri
1064 2226 1201 2272 scriptis
1217 2238 1223 2258 ε
