1487 2625
512 186 858 224 MEDICA.
1205 200 1250 233 57

146 292 222 330 culi
239 293 367 332 intima
391 293 634 332 vesicularum
661 293 696 331 in
719 294 867 331 modum
890 294 1115 332 inveniretur
1128 296 1250 332 soluta

148 371 184 400 et
219 374 421 412 gangraena
445 365 504 401 hic
541 364 614 401 illic
639 365 824 401 destructa
839 364 921 411 (1).
951 364 1097 401 Femina
1116 363 1247 401 virium

146 433 264 481 magis
284 434 392 481 lapsu
429 445 537 480 quam
567 434 770 471 acrioribus
796 435 1019 482 praegressis
1055 434 1248 472 doloribus

143 503 330 552 extincta,
357 504 605 543 ventriculum
630 513 750 541 tamen
765 512 852 551 post
877 512 1032 540 mortem
1056 503 1185 541 habuit
1214 511 1251 541 et

141 572 354 611 duodenum
377 573 612 611 erosionibus
634 581 845 620 correptum
868 572 954 622 (2).
1009 573 1156 611 Referri
1179 574 1251 612 huc

144 642 252 681 etiarn
282 643 391 681 debet
428 642 640 681 observatio
679 643 884 680 doctissimi
919 643 1080 682 Wood
1116 644 1181 693 (ἕ.
1210 645 1250 682 6.

143 724 185 760 p·
214 712 304 762 27)-

195 782 425 831 Magnopere
458 782 503 820 ab
534 781 651 820 allatis
688 783 803 830 signis
836 783 1012 821 differunt
1052 795 1117 831 ea,
1159 795 1253 832 quae

143 852 189 890 ad
211 853 428 890 cadaverum
456 852 711 890 dissectionem
746 852 819 890 inis
849 852 1036 890 incasibus
1058 854 1255 891 inveniun-

143 930 232 969 tur,
258 933 355 971 quos
369 922 415 960 ad
438 923 634 961 secundam
654 922 846 960 retulimus
872 922 1039 960 veneficii
1065 924 1223 971 speciem
1239 951 1251 970 ,

143 991 280 1039 quibus
306 991 423 1029 levior
448 992 557 1029 dolor
577 992 816 1038 vomitusque
841 1004 925 1030 cum
954 993 1064 1029 animi
1086 993 1251 1040 deliquio

142 1070 181 1098 et
225 1060 358 1099 virium
387 1061 636 1109 prostratione
678 1062 876 1111 praecipua
912 1064 1050 1101 sistunt
1086 1073 1255 1112 sympto-

141 1138 251 1169 mata.

193 1203 237 1240 In
258 1202 580 1241 observationibus
595 1214 615 1240 a
643 1203 688 1240 M
703 1214 722 1240 e
735 1211 750 1239 t
763 1215 786 1240 z
801 1213 823 1250 g
836 1215 855 1240 e
868 1215 918 1239 ro
935 1231 947 1249 ,
964 1203 1121 1241 Chris
1135 1204 1200 1241 tis
1213 1216 1254 1240 o-

146 1282 196 1309 no
210 1280 247 1310 et
267 1272 299 1310 C
315 1273 340 1310 h
355 1284 374 1310 a
391 1284 414 1309 u
427 1284 445 1310 s
460 1273 535 1310 sie
548 1284 565 1310 r
580 1272 591 1309 i
607 1285 629 1310 o
651 1273 931 1311 communicatis
947 1301 960 1320 ,
975 1274 1202 1312 ventriculus
1217 1283 1253 1312 et

145 1341 318 1380 intestina
352 1343 397 1379 ab
430 1342 533 1380 omni
567 1351 672 1390 parte
707 1353 809 1381 erant
831 1350 921 1382 ‘sana
948 1343 1032 1394 (3).
1099 1346 1250 1383 Nullam

143 1410 461 1452 inflammationem
496 1411 637 1450 invenit
672 1412 732 1450 Et
746 1421 760 1449 t
775 1424 808 1449 m
827 1424 849 1450 u
865 1414 999 1450 lleru
1016 1424 1033 1451 s
1060 1413 1098 1450 in
1131 1415 1253 1462 puella

145 1481 212 1519 hac
253 1480 397 1518 ratione
440 1491 582 1519 veneno
616 1482 776 1519 extincta
805 1482 865 1530 (p.
902 1483 1002 1530 16.).
1058 1484 1100 1521 In
1132 1486 1253 1531 puella

144 1551 252 1600 cujus
272 1550 461 1588 historiam
475 1552 600 1589 retulit
616 1552 728 1590 Doct.
759 1552 802 1589 la
828 1551 854 1586 B
872 1563 894 1588 o
907 1564 925 1588 r
938 1553 961 1589 d
975 1564 993 1589 e
1007 1581 1019 1600 ,
1049 1553 1201 1602 sanguis
1216 1554 1254 1591 in

143 1620 341 1662 ventriculi
373 1621 529 1660 cavitate
563 1621 812 1670 reperiebatur
839 1620 981 1660 effusus
1015 1622 1158 1670 absque
1182 1625 1255 1662 ulla

146 1690 244 1729 illius
294 1699 358 1728 aut
403 1691 662 1730 intestinorum
709 1692 997 1730 inflammatione
1031 1695 1093 1741 (p,
1136 1694 1250 1742 24.);

145 1771 230 1798 cum
256 1759 295 1797 in
315 1771 404 1799 casu
423 1762 550 1800 Gera
564 1761 665 1799 rdii
682 1790 694 1809 ‚
722 1774 815 1810 quae
844 1763 881 1799 in
902 1764 1072 1801 cadavere
1086 1764 1255 1801 invenie-

147 1828 281 1868 bantur
315 1831 418 1880 signa
435 1859 449 1878 ,
473 1832 624 1869 omnino
649 1833 914 1880 responderent
936 1833 1068 1871 leviori
1100 1835 1252 1872 durante

146 1888 223 1953 vita
249 1909 540 1950 symptomatum
563 1901 679 1939 indoli
701 1903 764 1951 (p.
796 1903 898 1950 16.)-

1158 1974 1251 2024 Qui-

183 2080 238 2120 (ι)
259 2077 426 2118 Helike,
453 2080 476 2112 1.
495 2091 526 2111 c·
546 2080 606 2113 Bd.
625 2080 669 2112 V.
684 2092 717 2120 p.
740 2082 801 2113 415
816 2092 882 2122 seq.

184 2131 237 2173 (2)
258 2133 494 2175 Morgagni,
518 2135 541 2166 Ι.
575 2146 603 2166 c.
632 2135 736 2175 Epist.
761 2135 857 2168 LIX.
883 2140 944 2167 art.
963 2137 993 2167 3,
1029 2137 1114 2169 Vide
1133 2148 1249 2179 supra,

191 2197 210 2218 ,ι
239 2208 247 2217 .

142 2198 235 2280 ε’(ῧς),
255 2243 285 2282 §·
309 2241 340 2272 5.
365 2252 398 2281 p.
420 2242 521 2274 25-24
