1487 2625
204 176 251 223 56
427 172 1100 214 COMMENTATIO

209 293 324 330 aquae
358 291 413 320 est
455 280 564 319 facta.
643 281 716 320 Hic
752 282 876 329 itaque
924 284 1150 323 Creosotum
1198 286 1320 324 locum

214 363 329 400 aquae
360 351 569 398 hydraticae
598 359 859 400 occupaverat.

267 420 457 460 Carbonas
505 430 676 468 potassae
709 422 994 470 crystallisatum
1041 422 1214 463 coctione
1250 424 1328 461 len·

218 501 255 530 te
298 491 484 539 solvitur3
532 500 569 529 et
604 492 828 529 Creosotum
877 492 1009 530 flavum
1056 494 1190 541 accipit
1226 496 1329 532 colo-

217 573 310 601 rem.
375 561 436 600 Ad
482 560 734 599 subcarbonas
773 569 943 610 potassae
969 574 1058 601 vero
1090 565 1228 602 nullam
1269 564 1332 602 ha-

218 630 282 668 bet
329 629 563 679 affinitatemg,
615 642 682 670 nec
732 631 838 669 etiam
880 633 926 670 ad
968 632 1083 670 nitras
1134 642 1333 682 potassae,

220 700 365 739 chloras
391 709 591 749 potassae‚
620 701 713 739 fluas
737 710 911 750 potassae
928 730 942 751 ‚
967 702 1175 742 bichromas
1209 713 1336 752 potas-

219 781 308 817 sae,
331 770 541 819 joduretum
570 770 741 819 potassii.

272 840 457 889 Crystalla
492 840 826 890 proto-chlorureti
869 842 990 880 stanni
1025 832 1110 882 cuni
1147 843 1335 882 Creosoto

223 919 328 949 cocta
367 911 525 958 primum
558 925 687 962 aquam
719 924 822 952 suam
858 913 1080 960 excutiunt,
1108 913 1238 952 deinde
1260 913 1338 951 sol-

223 991 387 1029 vuntur,
417 983 707 1032 praecipitantur
728 991 873 1030 autem,
903 982 1123 1032 refrigerio,
1152 982 1224 1022 sub
1256 984 1341 1032 pul·
1380 1000 1383 1003 ·

225 1051 323 1089 veris
354 1051 487 1091 forma.

276 1122 462 1169 Crystalla
511 1122 864 1160 deute-chlorureti
918 1122 1098 1160 Mercurii
1144 1120 1339 1170 (chloridi

228 1191 430 1239 Mercurii)
470 1190 509 1229 in
549 1193 736 1230 Creosoto
777 1199 906 1238 cocta,
954 1191 992 1229 in
1028 1203 1072 1229 eo
1117 1192 1337 1237 solvuntur3

229 1271 356 1308 magna
385 1269 505 1299 autem
536 1271 664 1300 eorum
695 1273 805 1310 pars,
845 1260 1066 1309 refrigerio,
1095 1269 1137 1298 ut
1171 1260 1341 1310 crystalla

231 1340 435 1379 separatur.

281 1399 411 1439 Nitras
447 1398 587 1448 argenti
620 1398 906 1448 crystallisatum
933 1398 1093 1436 solvitur
1123 1398 1231 1436 solita
1255 1407 1346 1436 tem·

235 1478 438 1518 peratura3
479 1468 694 1507 calefactum
728 1479 818 1507 vero
852 1469 896 1506 ad
935 1469 998 1517 30⁰
1023 1478 1058 1506 et
1085 1467 1154 1516 40⁰
1190 1468 1346 1506 Thetin.

234 1549 334 1577 cent.
364 1538 503 1577 solutio
539 1539 742 1576 vioiaceum
772 1537 906 1586 accipit
942 1539 1128 1586 colorem,
1156 1538 1241 1575 dum
1283 1538 1351 1575 ali-

236 1620 309 1656 qua
335 1608 473 1656 argenti
509 1608 693 1655 quantitas
736 1607 938 1645 reducitur.
1018 1606 1228 1646 Solutionis
1266 1618 1351 1645 coc-

239 1678 341 1716 tione
369 1688 477 1715 onme
512 1686 702 1726 argentum
739 1677 926 1716 reducitur
969 1687 1006 1715 et
1051 1678 1174 1715 album
1216 1677 1350 1726 accipit

237 1749 415 1787 colorem.
468 1748 499 1785 E
528 1747 784 1786 solutionibus
815 1746 967 1794 aquosis
1003 1757 1078 1784 non
1110 1747 1224 1796 reagit
1247 1749 1350 1785 solu-

240 1818 295 1854 tio
327 1827 467 1863 aquosa
496 1816 640 1856 nitratis
663 1816 833 1865 argenti,
861 1817 925 1853 sed
952 1816 1032 1865 eJus
1055 1828 1149 1863 aqua
1173 1816 1350 1855 absorbet

242 1888 401 1934 aliquam
437 1887 612 1925 Creosoti
651 1896 812 1934 partem,
863 1894 900 1923 et
939 1894 1017 1923 tuin
1055 1885 1093 1923 in
1132 1887 1254 1924 eadem
1296 1895 1352 1926 est

244 1957 386 1994 ratione
415 1957 461 1995 ad
494 1955 607 1994 nitras
643 1955 809 2003 argenti,
839 1965 880 1992 ac
914 1965 1008 2001 aqua
1044 1955 1237 1994 Creosoti.
1280 1956 1350 1994 So-

245 2025 340 2063 lutio
369 2036 508 2072 aquosa
533 2025 735 2062 chlorureti
773 2024 851 2061 auri
889 2023 1096 2072 reducitur,
1124 2033 1161 2062 et
1192 2025 1354 2065 Creoso-

249 2105 325 2138 tum
360 2096 491 2139 flavum
524 2094 656 2147 accipit
687 2095 864 2137 colorem..
