1487 2625
231 210 281 247 40
456 190 1117 235 COMMENTATIO

233 304 449 344 inserviant.
503 304 560 343 De
597 302 735 340 finibus
774 303 924 339 aliarum
967 308 1123 347 rerum,
1161 313 1180 339 a
1214 307 1344 339 nostro

236 387 308 414 usu
344 381 594 419 remotarum,
634 382 710 409 non
748 371 933 418 loquitur.
1003 370 1196 418 Tanquam
1238 370 1345 408 finem

235 455 420 483 summum
469 453 510 479 ac
555 443 785 490 generalem,
835 443 880 478 ad
931 452 1037 488 quem
1078 441 1216 487 singuli
1255 440 1346 478 fines

234 513 437 563 peculiares
468 512 709 560 conspirent,
736 510 921 559 cogitabat
947 512 1101 548 hominis
1120 510 1346 548 utilitatem.-

234 584 333 620 hunc
371 580 529 620 habebat
558 590 726 619 centrum
768 579 876 628 quasi
907 580 1024 617 totius
1061 579 1252 626 universi,
1301 581 1346 618 ad

234 663 344 701 quem
383 652 506 690 omnia
536 651 774 689 referrentur.
827 651 870 688 ld
896 660 1017 688 autem
1037 648 1235 698 praecipue
1258 660 1346 697 pros

234 723 395 761 bandum
444 722 591 761 videtur
614 751 628 770 ,
676 722 777 769 quod
825 721 955 758 sedulo
1001 719 1210 757 adhibuerit
1253 717 1346 762 finis

230 792 449 840 notionem,
486 801 524 830 et
548 792 594 830 ab
625 791 733 829 initio
759 790 967 829 definiverit
983 817 995 837 ,
1026 790 1117 837 quid
1140 790 1188 828 sit
1214 789 1349 828 fortui-

231 872 311 901 tum
328 891 342 910 ,
393 862 482 910 quid
535 873 667 900 causae
713 863 888 898 consulto
934 861 1055 908 agenti
1092 860 1344 898 tribuendum.

232 931 318 981 Qua
337 931 375 969 in
399 943 438 969 re
465 932 622 969 multum
648 940 798 978 superat
823 929 1126 976 Ciceronem,
1153 928 1247 967 idem
1273 929 1346 967 hoc

181 986 183 989 .
233 1010 489 1050 argumentum
541 999 785 1048 explicantem
824 999 923 1049 (1),
973 999 1038 1047 qui
1077 1009 1145 1036 nec
1178 997 1348 1037 definivit

232 1082 356 1109 notam
377 1102 390 1117 ‚
443 1082 515 1119 qua
558 1070 788 1108 discernatur
833 1079 1035 1117 utrumque
1083 1069 1176 1107 illud
1225 1079 1344 1106 rerum

233 1153 350 1191 genus
368 1169 381 1188 ,
421 1150 456 1178 et
481 1140 557 1178 fere
580 1141 747 1188 loquitur
774 1141 818 1178 de
839 1139 1042 1177 admirabili
1070 1138 1347 1186 pulchritudine

231 1223 272 1251 ac
319 1212 493 1249 varietate
516 1239 529 1258 ‚
580 1211 625 1248 de
674 1218 806 1247 ornatu
848 1218 883 1247 et
933 1208 1140 1246 constantia
1179 1209 1343 1245 omnium

231 1291 367 1322 rerum.
423 1279 646 1317 Socrates
685 1288 762 1316 non
801 1277 974 1315 subsistit
1012 1277 1049 1314 in
1075 1287 1164 1324 vaga
1189 1277 1344 1324 quadam

231 1349 526 1400 pulchritudinis
577 1350 853 1395 varietatisque
913 1347 1068 1385 notione
1089 1375 1103 1394 ‚
1177 1347 1214 1384 in
1273 1358 1344 1394 qua

230 1419 406 1456 subsistit
444 1419 665 1466 plerumque
716 1418 922 1464 Cicero,
967 1417 1032 1454 sed
1067 1415 1218 1464 respicit
1253 1416 1344 1454 fines

229 1498 382 1535 certos,
421 1497 560 1526 certum
582 1515 595 1535 ‚
633 1489 677 1525 ad
718 1499 826 1535 quem
855 1487 1111 1535 praestandum
1136 1486 1343 1534 composita

231 1559 376 1606 singula
399 1558 476 1596 sint
492 1586 506 1604 .,
534 1570 670 1606 usum3
700 1569 772 1605 qua
800 1557 905 1595 unice
926 1557 1067 1594 ratione
1088 1565 1342 1606 argumentum

231 1629 324 1665 illud
363 1628 458 1665 bene
496 1628 720 1665 instituitur.
788 1628 991 1673 Ceterum,
1032 1626 1064 1663 si
1102 1626 1342 1664 difficiliorem

227 1697 433 1743 auditorem
488 1698 716 1734 Socrates
763 1707 894 1734 nactus
947 1695 1109 1743 fuisset,
1172 1696 1342 1745 pluribus

229 1778 328 1816 opus
352 1768 543 1805 habuisset
566 1767 749 1815 probare,
777 1777 843 1813 ea,
872 1778 965 1814 quae
987 1768 1032 1804 ad
1056 1767 1161 1805 finem
1183 1766 1341 1814 aliquem

227 1839 479 1886 attingendum
496 1838 627 1874 idonea
651 1837 748 1882 sint,
764 1837 938 1885 prudenti
958 1836 1116 1873 consilio
1138 1834 1342 1873 exstitisse.

230 1909 327 1947 Narn
362 1909 436 1946 hoe
467 1907 760 1952 Democriti,
799 1916 863 1944 aut
896 1906 1098 1954 Epicuri
1134 1905 1340 1953 discipulus

228 1990 305 2018 non
340 1978 389 2016 ita
422 1978 532 2015 facile*
562 1978 812 2022 concederet,
851 1987 919 2013 nec
955 1975 1061 2013 etiam
1090 1975 1341 2024 philosophus

229 2047 519 2087 Kaumana&

275 2119 445 2156 Alterum
490 2124 744 2163 argumentum
769 2144 781 2163 ‚
832 2117 935 2163 quod·
981 2117 1222 2154 Socrates
1272 2127 1341 2164 po-

1293 2186 1339 2222 ti-

266 2262 315 2303 (ι)
347 2263 397 2291 De
419 2262 553 2291 Natura
573 2262 718 2291 Deorum
742 2261 788 2291 ΙΙ.
812 2272 838 2290 c.
862 2261 972 2292 36-64.
