1487 2625
371 212 968 254 THEOLOGICA.
1176 225 1227 263 4⁵

118 351 142 371 ,‚
168 322 384 361 hominibus
432 323 591 361 animum
630 323 901 372 ingenuerunt,
955 334 1030 371 quo
1070 322 1145 362 soli
1182 335 1228 362 ex

117 419 142 440 ,‚
168 391 345 431 omnibus
385 392 633 431 animantibus
658 392 820 431 divinam
866 402 1030 431 naturam
1065 403 1229 441 cognos-

116 488 141 509 „
166 472 249 500 cere
288 471 325 500 et
357 463 479 500 colere
511 473 740 511 possumus,
791 474 867 510 quo
901 462 1058 508 famem,
1098 463 1229 511 sitim,

117 557 142 579 ,‚
167 529 316 580 frigus,
353 533 508 569 calorem
545 543 739 579 arcemus,
780 544 857 580 quo
896 533 1112 582 disciplinas
1136 533 1231 571 coli-

117 629 143 649 „
169 612 267 641 mus.
322 602 461 647 Nonne
484 601 588 640 vides
608 632 621 650 ,
657 601 708 639 ait
734 602 986 649 Socrates,
1028 603 1198 640 homines
1216 630 1231 650 ‚

119 698 144 718 „
169 670 201 709 si
223 682 307 709 cum
334 671 487 719 reliquis
516 671 763 710 animantibus
798 680 1082 721 comparantur,
1117 673 1229 711 vitam

119 767 146 787 „
170 751 277 789 agere
301 740 460 779 divinam
475 769 488 787 ,
529 753 644 789 quum
673 749 708 779 et
730 753 888 790 corpore
915 751 952 780 et
975 741 1098 780 animo
1121 743 1233 791 longe

120 836 147 858 „
172 821 260 859 prae
280 810 325 848 iis
349 810 560 850 emineant?
576 811 601 826 '⁹
623 855 625 857 ,
652 811 799 850 Deinde
827 811 990 850 ostendit
1012 811 1124 850 animi
1150 823 1234 850 cor-

116 880 298 929 pofisque
322 881 743 929 conspstauonen1‚ita
771 891 838 929 ut,
876 883 1000 920 denno
1026 883 1234 931 asteunro,

117 959 293 989 neutrum
330 950 451 999 prosit
482 952 565 1000 (1).
634 952 731 990 Cum
772 952 1079 1000 Euthydemo
1114 953 1236 991 collo-

120 1030 240 1067 quens
267 1020 446 1068 exponit,
483 1032 593 1068 quam
630 1030 716 1069 apte
752 1022 881 1060 omnia·
895 1024 934 1060 in
957 1033 1078 1062 rerum
1103 1031 1234 1062 natura

117 1090 163 1128 ad
188 1090 379 1128 hominum
408 1102 500 1128 usus
521 1090 766 1139 conspirent,
792 1092 864 1130 diei
887 1093 973 1140 lux,
998 1101 1043 1130 ut
1061 1103 1237 1141 cernere,

115 1155 240 1197 noctis
277 1159 481 1206 tenebrae,
537 1168 578 1197 ut
611 1161 844 1208 requiescere
886 1173 1092 1210 queamus,
1142 1163 1233 1201 solis

117 1239 291 1266 accessus
315 1238 352 1267 et
376 1240 574 1275 recessus,
602 1229 762 1278 aliaque.
810 1231 1138 1280 Euthydemus
1177 1244 1235 1271 as-

116 1298 303 1345 sentitur,
352 1300 441 1336 haec
480 1299 633 1338 eximiae
667 1311 751 1348 erga
786 1300 956 1339 homines
994 1301 1234 1350 benignitatis

114 1370 338 1407 documenta
372 1380 484 1416 esse,
528 1377 564 1407 et
603 1369 728 1407 omnia
761 1370 850 1408 haec
889 1370 1081 1411 hominum
1111 1384 1236 1411 ‘causa

113 1436 212 1476 facta
244 1449 326 1476 esse
365 1438 511 1486 videri3
564 1447 677 1487 atque
715 1439 764 1478 ita
798 1449 1057 1480 commovetur
1100 1442 1234 1481 horum

117 1507 283 1546 omnium
320 1508 577 1557 cogitatione,
617 1519 658 1547 ut
693 1509 820 1557 dicat,
858 1522 898 1548 se
926 1511 1001 1560 jam
1039 1511 1240 1561 dubitare,

117 1588 205 1616 num
228 1579 318 1627 quid
340 1578 440 1617 aliud
460 1579 521 1618 Dii
543 1588 652 1628 agant
665 1608 678 1627 ,
707 1591 816 1628 quam
836 1589 878 1618 ut
896 1580 1089 1619 hominum
1109 1593 1236 1621 curam

117 1657 272 1697 gerant,
311 1648 349 1687 id
382 1660 472 1687 vero
512 1649 683 1698 obstare,
730 1651 833 1697 quod
859 1651 999 1699 reliqua
1024 1652 1132 1690 etiam
1158 1653 1239 1691 ani-

118 1718 254 1756 mantia
274 1729 383 1756 curae
403 1718 550 1758 divinae
566 1728 671 1767 parte
684 1721 881 1767 gaudeant.
910 1721 986 1760 Cui
1012 1721 1236 1761 Socrates

116 1787 343 1835 respondet,
368 1787 456 1825 haec
484 1788 564 1836 ipsa
590 1789 698 1827 etiam
728 1790 849 1828 Deum
879 1791 1053 1838 genuisse
1082 1801 1120 1830 et
1142 1793 1237 1831 alere

117 1856 310 1896 hominum
337 1869 473 1905 causa,
503 1867 545 1896 ut
570 1859 786 1898 hominibus
814 1859 1014 1899 inserviant
1041 1862 1123 1910 (2).

171 1928 233 1966 Ob
267 1940 344 1966 eam
384 1928 498 1977 igitur
534 1940 681 1967 causam
722 1929 941 1968 Socrates
982 1931 1104 1969 Deum
1137 1931 1237 1980 sapi-

121 2009 225 2038 enter
269 2008 305 2036 et
351 1997 507 2047 benigne
542 1999 720 2037 mundum
762 2011 904 2037 creasse
963 1999 1081 2047 dicit,
1133 2002 1237 2049 quod

121 2068 316 2115 diligenter
349 2068 489 2115 ubique
515 2068 708 2106 hominum
733 2069 867 2107 usibus
894 2079 1133 2120 prospectum
1156 2071 1233 2120 sit;

1140 2142 1203 2179 sed
1218 2168 1231 2188 ‚

164 2230 213 2268 (ι)
250 2226 302 2257 Cf.
323 2229 421 2257 Mem.
445 2227 472 2258 l.
495 2238 522 2257 c.
549 2227 580 2257 4.
608 2229 640 2269 §·
663 2226 775 2259 11-15.

165 2283 212 2321 (2)
249 2281 301 2312 Cf.
326 2283 422 2311 Mem.
446 2280 507 2311 IV.
530 2292 559 2311 c.
583 2281 612 2312 5.
635 2281 782 2320 inprimis
806 2283 836 2322 §.
855 2291 906 2312 ιο.
