1487 2625
229 189 276 224 80
461 187 1122 228 COMMENTATIO

737 298 841 345 §⁴5-

339 417 482 466 Signa
505 410 715 455 'chemica
741 418 1002 466 deutoxydi
1028 418 1244 456 Arsenici

613 487 763 526 forma
789 488 959 527 solida.

280 609 467 657 Primum,
483 608 608 658 itaque
619 609 765 658 signum
782 637 794 656 ‚
810 620 887 657 quo
909 620 994 656 prae
1015 608 1149 662 ceteris
1170 607 1343 648 Arsenici

229 679 392 728 oxydum
409 708 421 727 ‚
449 679 569 719 forma
594 679 738 726 solida,
766 680 1026 728 dignoscitur,
1040 669 1145 718 sistit*
1166 681 1260 720 odor
1279 691 1343 728 pe·

230 749 376 788 culiaris
396 750 565 789 alliaceus
583 778 596 797 ,
616 750 681 797 qui
700 750 1001 788 animadvertitur
1022 750 1055 788 si
1081 750 1246 799 oxydum
1269 750 1343 788 Ar-

229 820 347 858 senici
384 819 633 865 carbonibus,
660 804 864 857 in'l'amina
900 830 1036 868 cuprea
1074 827 1195 875 aute
1240 817 1342 856 ferro

228 886 399 928 confecta
424 889 792 936 incandescentibus,
820 890 880 927 vel
908 889 1027 927 Zinco
1055 888 1144 928 fuso'
1171 889 1346 938 impona-

226 968 314 1006 tur,
354 961 413 998 vel
446 971 520 1008 ope
557 960 689 1008 platini
727 960 891 998 lamellae
920 960 1125 998 flammmae
1150 959 1344 998 admovea-

229 1038 318 1077 tur,
360 1041 405 1068 ex
426 1029 561 1078 spiritu
587 1030 664 1067 vini
687 1039 806 1068 ortae.
1175 1029 1180 1030 ⁷

282 1100 381 1138 Cum
413 1109 533 1137 tamen
559 1110 600 1137 ut
626 1100 721 1137 odor
752 1100 813 1136 ille
850 1100 1073 1147 evolvatur,
1108 1109 1260 1138 necesse
1292 1099 1343 1137 sit

229 1181 428 1219 corporum
444 1171 555 1208 modo
568 1171 750 1208 dictorum
764 1170 922 1208 calorem
938 1196 951 1215 ,
964 1177 1159 1217 antequam
1177 1169 1341 1218 oxydum

227 1241 272 1279 iis
308 1240 419 1279 fuerit
467 1241 701 1289 inpositum,
740 1250 893 1286 augere,
919 1238 1027 1277 facile
1066 1239 1153 1287 quis
1196 1238 1342 1288 perspi-

227 1312 300 1350 ciat
335 1312 434 1351 hunc
477 1311 628 1349 odorem
665 1310 748 1358 ipso
785 1310 909 1358 oxydo
943 1320 1020 1347 non
1054 1320 1135 1347 esse
1175 1308 1342 1347 tribuen-

228 1384 314 1421 dum
333 1411 345 1429 ,
375 1383 438 1420 sed
475 1393 556 1420 eum
582 1389 702 1419 ortum
740 1381 874 1418 ducere
895 1392 937 1419 ex
958 1380 1107 1418 metallo
1134 1380 1201 1418 hac
1228 1379 1340 1418 ratio-

227 1465 273 1492 ne
309 1444 497 1493 restituto.

279 1525 452 1573 Magnam
478 1524 567 1562 olim
596 1522 682 1561 huic
706 1522 813 1571 signo
837 1522 1047 1560 tribuerunt
1073 1531 1244 1560 auctores
1264 1521 1344 1561 evi-

228 1596 402 1636 dentiam.
455 1594 602 1632 Nostro
627 1605 715 1632 vero
737 1602 928 1641 tempore,
956 1604 1040 1631 cum
1065 1592 1110 1630 ab
1147 1592 1228 1630 aliis
1253 1592 1342 1630 sub·

225 1666 398 1712 stamus,
438 1666 558 1703 eadem
600 1664 740 1702 ratione
775 1663 968 1710 tractatis,
1004 1661 1159 1700 similem
1191 1661 1341 1700 excitari

228 1738 378 1775 odorem
418 1736 478 1772 alii
519 1735 774 1780 invenissent,
829 1733 861 1770 ei
899 1733 1055 1770 multum
1087 1731 1162 1769 fuit
1199 1731 1340 1769 detrac-

227 1819 321 1846 tum.
378 1805 440 1844 Sic
473 1805 568 1842 enim
606 1804 651 1842 de
668 1803 922 1850 Phosphoro,
949 1802 1054 1839 acido
1083 1800 1338 1848 phosphorico

227 1881 383 1930 ejusque
419 1875 557 1913 salibus
598 1883 634 1911 et
669 1874 714 1910 de
755 1873 862 1910 Zinci
887 1873 1065 1920 pulvere,
1112 1868 1338 1917 corporibus

227 1948 437 1987 ardentibus
499 1946 667 1992 insperso
694 1970 706 1989 ‚
765 1943 856 1980 illud
905 1940 1079 1990 probavit
1136 1939 1340 1977 Hahne-

229 2029 376 2057 mann
418 2017 549 2065 (1)‚-
577 2014 748 2060 idemque
790 1996 919 2051 deinde
959 2013 1004 2049 de
1051 2010 1175 2048 charta
1209 2009 1341 2046 arden-

230 2090 258 2125 ti
304 2086 478 2126 indicavit
526 2083 776 2123 Christis
794 2093 857 2120 on
902 2081 971 2131 (2)
1012 2080 1244 2125 eundemque
1280 2077 1340 2114 bis

1279 2159 1342 2195 pe·

273 2222 323 2260 (ι)
350 2220 371 2250 Ι.
396 2231 424 2249 c.
450 2229 482 2257 p.
506 2228 577 2257 2¹7·
604 2220 632 2258 35.
655 2218 726 2247 580.

277 2277 323 2314 (2)
351 2274 370 2304 Ι,
394 2284 422 2303 c.
446 2283 475 2311 p.
502 2272 572 2312 237.
