1487 2625
209 114 261 153 10
449 112 584 156 ADR.
616 113 780 158 CATH.
818 116 1074 160 HOLTIUS

205 246 407 291 cessitatis
435 262 559 291 causu
576 279 588 300 ,
605 248 901 306 Theologicum
920 281 930 300 ,
946 251 962 306 (
970 249 1033 292 cui
1049 256 1194 307 postea
1209 249 1313 293 alte-

203 338 294 366 rum
317 324 448 367 minus
482 324 678 382 accessit)
707 333 750 368 ut
783 341 829 368 ex
867 327 949 382 ejus
974 325 1218 369 Statutis
1246 325 1313 369 vi-

202 398 349 452 detur,
380 400 617 444 humaniter
649 415 697 445 ac
719 402 954 445 liberaliter.
1022 401 1311 446 Universitatis

201 483 334 519 autem
380 477 618 520 constitutio
645 477 802 535 placuit
842 477 1008 534 quidem
1049 478 1311 521 aristocrati-

138 596 143 599 ,
201 566 274 604 ca,
319 560 360 596 at
399 553 503 597 haec
529 569 672 598 rursus
709 568 794 597 non
829 569 850 597 e
884 553 1020 597 servili
1053 553 1310 606 imitatione,

200 629 285 673 imo
313 644 393 688 pro
431 630 629 688 temporis
665 631 826 674 ratione
864 638 902 674 et
931 630 1134 673 libertatis
1171 630 1307 673 studio

201 696 427 765 prudenter
455 714 700 765 temperata.
759 708 854 750 Non
895 706 1194 750 Cancellarium
1230 705 1310 748 ali-

203 798 324 840 quem
358 791 714 842 praeposuerunt,
745 783 987 827 Pontificiae
1013 782 1309 826 dominationis

201 874 336 919 opus,
378 861 422 903 in
460 861 595 903 multis
637 861 950 905 Reformati
981 859 1159 903 nominis
1195 859 1309 904 Uni-

199 936 460 980 versitatibus
496 943 726 990 retentum,
757 936 832 980 sed
870 936 1120 980 Curatores:
1152 950 1306 979 nomen

199 1013 392 1071 planum,
438 1021 477 1056 et
513 1014 637 1065 mite,
669 1021 708 1057 et
745 1014 927 1058 Batavae
967 1014 1096 1057 indoli
1138 1027 1310 1057 accom-

202 1081 429 1133 modatum.
491 1090 615 1146 Quod
660 1089 890 1133 institutum
925 1089 1006 1132 dici
1043 1104 1127 1133 non
1167 1096 1309 1147 potest

201 1181 325 1222 quam
361 1174 401 1209 et
436 1166 488 1208 ad
527 1166 776 1218 servandas,
809 1174 849 1209 et
878 1165 1307 1224 ad‘amplificandas,

198 1250 363 1286 nostras
392 1243 653 1295 academias,
676 1242 798 1286 fuerit
820 1243 932 1285 omni
962 1249 1150 1299 tempore
1176 1242 1307 1286 bene-

196 1319 332 1364 ficum.
394 1319 563 1363 Primus
591 1319 770 1363 Curator
812 1318 1024 1362 Leidensis
1069 1318 1306 1363 academiae

196 1403 285 1439 erat
321 1396 452 1439 Janus
478 1396 648 1448 Douza,
679 1397 741 1439 vir
781 1410 930 1454 genere
954 1395 1105 1439 nobilis
1142 1402 1180 1439 et
1222 1395 1305 1439 ho-

199 1472 397 1524 noribus,
446 1473 605 1531 patriae
644 1481 778 1517 autem
824 1487 965 1516 amore
1011 1479 1051 1516 et
1088 1473 1301 1516 Musarum

197 1551 295 1594 nulli
317 1550 532 1594 secundus.
565 1549 777 1606 Hujusque
808 1549 1039 1607 exemplum
1074 1549 1182 1591 velut
1200 1562 1303 1591 nor-

196 1644 263 1671 ma
290 1628 386 1681 fuit,
418 1628 471 1671 ad
501 1642 625 1684 quam
645 1626 688 1669 in
722 1632 942 1684 posterum·
961 1623 1185 1667 Curatores
1204 1638 1306 1682 per-

196 1713 324 1764 petuo
363 1711 616 1748 crearentur.
652 1702 912 1745 creabantur
946 1700 1112 1757 quidem
1139 1715 1162 1743 a
1188 1715 1305 1743 sum-

196 1797 268 1826 mo
292 1782 521 1840 imperante
541 1812 552 1833 ,
573 1780 614 1822 id
645 1787 707 1822 est
723 1779 776 1821 ab
793 1763 1023 1822 Ordinibus
1037 1777 1306 1820 Hollandiae:

197 1867 379 1903 attamen
404 1857 571 1900 minime
600 1863 718 1900 erant
745 1856 789 1898 in
819 1869 939 1898 manu
979 1853 1197 1899 Ordinum.
1229 1853 1306 1897 Li-

196 1936 368 1980 bertatis
404 1948 573 1987 eorum,
629 1948 709 1989 qua
750 1946 834 1975 non
862 1931 989 1975 modo
1017 1930 1303 1989 professorum

193 2011 566 2071 importunitatem}
584 2009 791 2053 moderari
812 2042 824 2062 ,
873 2009 1064 2066 juvenum
1096 2007 1302 2051 licentiam

194 2102 482 2148 compescere,
526 2087 623 2131 cleri
660 2085 893 2136 Hollandici
940 2083 1216 2142 arrogantiam
1261 2084 1304 2126 in

198 2167 388 2211 ordinem
423 2179 596 2222 cogere,
641 2163 712 2207 sed
751 2163 871 2206 etiam
914 2161 1016 2221 ipsis
1049 2160 1302 2211 Ordinibus,

1481 1353 1485 1363 w

1482 1383 1485 1397 Λ

1482 1411 1485 1420 ι

1480 1422 1485 1444 1

1480 1451 1485 1474 θ,

1481 1478 1484 1504 Ξ

1478 1618 1482 1627 ι

1480 1685 1483 1695 Δ
