1487 2625
222 198 269 242 84
442 189 1111 232 COMMENTATIO

223 311 264 337 ea
291 297 505 335 efficeretur.
546 295 735 333 Interdum
757 303 878 333 tamen
900 293 986 331 licet
1007 293 1225 332 Arsenicum
1243 292 1350 333 adhi-

223 367 408 413 buissem,
445 364 675 413 superficiem
699 364 818 411 Cupri
851 361 1081 403 foraminulis
1119 365 1347 412 inaequalem

220 436 352 475 factam
379 435 487 480 vidi,
517 435 619 481 quod
643 445 687 471 ex
715 432 826 471 nlmis
852 442 960 470 aucto
977 461 990 480 ,
1014 444 1096 481 ,quo
1141 445 1234 474 usus
1267 438 1350 472 fue·

223 518 322 553 ram,
362 505 496 543 caloris
537 503 650 551 gradu
684 502 812 541 forsan
851 503 1024 551 explicari
1061 512 1219 551 posset,
1259 504 1347 541 dum

221 585 257 616 et
278 577 323 614 ab
347 576 459 613 altera
487 582 613 622 parte,
630 574 874 622 Hydrargyro
905 571 1072 611 adhibito
1090 597 1103 619 ,
1129 572 1347 621 superficies

221 646 404 684 interdum
432 643 652 682 cernebatur
683 643 815 681 laevis.

272 716 470 754 Caeterum
508 721 639 751 contra
676 712 776 751 illius
817 711 914 761 signi
960 712 1124 750 valorem
1159 711 1347 751 Chris-

225 785 374 822 tison
407 782 581 830 adducit,
622 782 736 830 oxydi
774 793 928 830 granum
973 793 1088 820 unum
1127 781 1267 829 requiri
1302 792 1351 821 ne

230 853 523 902 experimentum
562 851 718 900 optabili
745 860 865 889 careat
892 861 1029 890 eventu
1046 852 1138 901 (1).
1192 853 1245 891 At
1269 863 1352 890 mo·

226 925 412 970 nendum,
448 922 699 961 Diilkium
737 921 950 970 vigesimam
980 921 1082 969 grani
1116 930 1255 969 partem
1281 922 1350 960 hac

230 994 373 1032 ratione
397 993 580 1041 detegisse
605 994 703 1041 (α),
731 1001 844 1039 atque
875 1003 933 1029 me
953 993 1066 1029 semel
1094 1000 1254 1030 crustam
1275 1002 1354 1030 me·

230 1071 408 1102 moratam
437 1062 605 1109 vidisse,
641 1073 860 1109 quamquam
889 1064 932 1110 5¹3
960 1061 1064 1109 grani
1112 1070 1254 1103 tantum
1288 1061 1354 1099 ad-

230 1131 448 1178 hibueram,
476 1140 706 1179 quapropter
730 1131 823 1169 illud
858 1131 1037 1168 indicium
1054 1159 1067 1178 ‚
1097 1131 1266 1179 quamvis
1294 1143 1352 1170 ra·

229 1201 307 1240 rius
334 1202 501 1240 adhiberi
528 1203 675 1249 soleat,
703 1211 780 1239 non
815 1211 971 1249 prorsus
999 1211 1081 1238 esse
1110 1201 1350 1251 rejiciendum

232 1272 322 1311 mihi
353 1272 516 1311 videtur.
1016 1311 1017 1314 ,

284 1342 407 1381 Fluxu
451 1342 620 1389 omisso,
661 1342 754 1380 idem
785 1341 1080 1389 experimentum
1105 1347 1142 1378 et
1169 1340 1207 1378 in
1229 1339 1351 1389 ipsius

233 1411 368 1449 metalli
394 1411 559 1449 examine
592 1413 739 1458 valere,
771 1412 936 1460 quisque
966 1409 1160 1459 intelligat.

283 1481 401 1520 Aliud
435 1482 578 1519 tandem
615 1490 693 1520 tum
739 1480 853 1530 oxydi
884 1490 963 1518 tum
1000 1480 1136 1518 metalli
1174 1480 1352 1519 indicium

232 1552 310 1599 peti
338 1553 435 1589 solet
470 1564 514 1589 ex
552 1552 723 1599 actione,
752 1563 862 1598 quam
909 1559 1083 1589 exserunt
1121 1549 1160 1588 in
1194 1550 1354 1588 solutio-

233 1632 315 1659 nem
333 1622 523 1669 Sulphatis
539 1621 989 1669 cupreo-ammoniacalis.
1020 1621 1147 1669 Ipsum
1161 1620 1258 1659 enim
1280 1621 1353 1659 Ar-

236 1691 351 1729 senici
376 1693 559 1729 metallum
574 1720 585 1738 ‚
595 1691 810 1729 attrahendo
824 1690 1061 1739 Oxygenium
1073 1690 1087 1738 '‚
1098 1690 1262 1739 oxydum
1275 1688 1354 1727 for·

238 1771 340 1809 mat,
368 1761 503 1809 quodsi
528 1763 599 1810 jam
632 1762 676 1799 ab
703 1761 810 1798 initio
836 1762 957 1807 adsit,
984 1759 1106 1799 statim
1137 1760 1230 1798 illud
1266 1770 1352 1797 cum

237 1831 357 1879 Cupri
387 1832 602 1879 dentoxydo
633 1832 830 1879 jungitur,
868 1839 980 1879 atque
1004 1831 1117 1880 hujus
1143 1830 1352 1868 arseniitem

239 1901 437 1948 efformat‚
489 1911 660 1948 tanquam
712 1903 900 1950 pulverem
941 1902 1071 1939 colore
1108 1900 1354 1938 viridescente

238 1972 422 2016 tinctum,
451 1972 640 2009 destructo
660 1981 764 2009 antea
789 1973 984 2018 caeruleo,
1014 1971 1079 2019 qui
1102 1970 1139 2008 in
1166 1970 1355 2008 solutione

239 2041 482 2087 cernebatur,
511 2043 636 2078 colore
666 2041 752 2091 (3).

1277 2109 1355 2148 Ex-

285 2290 336 2327 (3)
360 2287 545 2324 Henke,
572 2288 592 2316 l.
616 2296 643 2316 ε.
668 2286 698 2324 §⁴
721 2286 792 2326 657.
815 2301 851 2308 -
879 2284 1161 2321 Crinisum
1186 2282 1208 2313 Ι.
1233 2291 1264 2313 e·
