1487 2625
511 148 862 188 MEDICA.
1185 155 1256 194 135

133 273 217 302 cum
244 261 340 312 (ι),
368 259 427 298 vel
458 259 606 296 Potassa
643 259 710 306 (2)
737 255 851 295 fuerit
870 254 1064 300 admixta,
1093 254 1130 290 in
1148 264 1252 291 utro·

99 366 102 369 .
135 344 209 382 que
236 339 356 370 autem
393 340 482 367 casu
518 327 693 367 Carbone
731 326 882 372 addito,
920 325 1174 369 decoxerunt,
1214 331 1251 359 et

132 414 217 446 cum
260 401 444 448 liquorem
487 398 648 447 priorem
687 407 760 444 ope
796 396 971 434 Potassae
991 421 1005 441 ‚
1054 404 1126 441 ope
1156 391 1251 430 acidi

132 471 257 511 uitrici
300 470 574 520 posteriorem,
618 465 912 512 sami-avissent,
964 463 1098 513 partim
1138 462 1250 509 solita

132 542 382 581 adhibuerunt
416 537 620 588 reagenda,
673 537 808 586 partim
845 545 936 582 vero
974 532 1142 580 Rosci
1176 543 1252 570 me-

130 612 287 650 thodum
313 618 401 649 sunt
427 609 545 648 secuti
573 608 658 658 (3).
866 651 870 653 ,

181 682 451 731 Sulphuretum
477 681 621 718 tandem
647 675 845 723 Arsenici,
874 674 976 724 quod
999 684 1066 722 per
1095 672 1249 721 Hydro-

129 751 278 800 genium
313 751 572 799 sulphuratum
607 748 728 787 fuerat
762 754 917 792 ortum,
954 745 992 782 in
1015 743 1160 783 acidum
1195 755 1251 782 ar-

129 821 331 861 senicicum
374 818 710 869 sulphuricumque
744 823 1096 863 commutaverunt,
1139 821 1251 862 atque

131 891 305 932 Arsenici
317 891 461 930 acidum
477 901 547 939 pro
562 900 666 937 parte
678 899 743 937 per
757 885 939 934 reagentia
953 896 1036 924 esse
1057 885 1251 933 exploran-

126 963 239 1011 dum,
265 973 335 1011 pro
361 970 465 1011 parte
491 968 612 998 autem
648 969 722 1006 ope
757 956 908 995 acetatis
939 954 1089 994 Plumbi
1115 954 1155 991 in
1179 954 1252 991 hu<

122 1033 185 1082 jus
204 1030 420 1070 arseniatem
444 1041 527 1068 esse
555 1028 846 1066 convertendum
877 1025 1148 1064 indicaverunt.
1189 1024 1251 1061 Ad

123 1101 284 1151 priorem
320 1101 433 1149 hujus
467 1097 634 1136 methodi
663 1106 803 1145 partem
832 1095 1096 1143 sulphuretum
1135 1094 1247 1131 Arse-

128 1171 202 1210 nisi
229 1182 296 1219 per
330 1170 476 1218 aliquot
512 1177 659 1217 tempus
686 1178 770 1204 cum
805 1166 910 1204 acido
948 1164 1084 1202 uitrico
1115 1174 1151 1201 et
1180 1164 1248 1211 hy-

127 1240 363 1279 drochlorico
389 1247 597 1286 coquatur,
629 1248 750 1284 usque
776 1237 862 1274 dum
895 1245 1005 1272 omne
1026 1233 1248 1272 Arsenicum

124 1318 161 1349 et
184 1310 353 1359 Suiphur
382 1308 420 1346 in
445 1319 574 1345 eorum
599 1306 701 1344 acida
733 1305 873 1343 fuerint
905 1315 1099 1342 conversa.
1125 1303 1246 1354 *Quod

124 1392 213 1419 num
242 1378 424 1418 Arsenico
449 1377 588 1415 factum
619 1376 667 1413 sit
685 1404 698 1421 .,
723 1374 865 1423 patebit
895 1375 927 1412 si
953 1386 1062 1422 parca
1088 1373 1248 1421 liquoris

121 1450 232 1499 copia
262 1449 368 1498 prius
395 1459 460 1496 per
495 1446 728 1485 Ammoniam
761 1453 921 1483 saturata
939 1472 952 1490 ‚
986 1455 1070 1481 cum
1096 1443 1248 1490 sulpha-

123 1529 160 1558 te
190 1519 396 1567 deutoxydi
420 1517 521 1555 Ferri
544 1515 721 1554 miscetur
744 1525 856 1562 atque
884 1514 1165 1562 praecipitatum
1196 1514 1247 1551 al-

125 1589 214 1627 bum
249 1589 335 1627 inde
367 1596 608 1637 provocatur.
677 1586 717 1623 Si
751 1596 840 1623 vero
871 1585 962 1621 illud
996 1585 1123 1622 colore
1158 1595 1246 1632 gau·

123 1660 205 1697 deat
244 1659 374 1706 flavo,
419 1657 590 1704 sequitur
629 1656 840 1693 adhucdum
889 1655 1022 1692 adesse
1076 1653 1245 1690 Arsenici

126 1729 291 1778 oxydum
318 1729 356 1765 in
386 1728 529 1766 acidum
565 1728 730 1764 nondum
768 1734 951 1763 mutatum
970 1752 982 1769 ‚
1018 1723 1243 1770 eandemque

125 1809 215 1838 tunc
230 1798 484 1850 ebullitionem
501 1825 512 1844 ‚
528 1797 640 1835 modo
664 1796 762 1834 dicta
787 1794 930 1832 ratione
946 1822 958 1840 ‚
982 1805 1063 1831 esse
1077 1802 1245 1841 repeten-

123 1871 221 1908 dam.
274 1869 423 1916 Liquot
461 1877 550 1905 tunc
575 1868 777 1915 deputetur
813 1865 858 1902 ab
891 1863 996 1901 acido
1035 1862 1171 1899 nitrieo
1209 1870 1246 1898 et

123 1938 317 1978 muriatico
344 1936 543 1986 superfluis
560 1964 573 1983 ,
603 1936 772 1983 idemque
798 1947 817 1972 a
856 1933 1104 1981 sulphurico,
1135 1942 1244 1979 expe-

1200 2012 1250 2038 ri·

103 2120 108 2127 ’
165 2121 264 2163 (ι)1.
286 2132 314 2151 c.
336 2131 367 2160 p.
391 2121 453 2157 44,
476 2121 537 2158 46,
560 2120 620 2158 52,
648 2120 700 2150 54.

170 2178 220 2217 (α.)
241 2175 266 2207 ³.
287 2185 318 2206 c.
340 2186 374 2214 p.
397 2175 457 2212 48,
480 2174 531 2204 51.

169 2231 215 2272 (3)
237 2231 262 2262 1.
287 2242 316 2264 e.
337 2242 369 2271 [ν.
392 2230 445 2261 60.
471 2239 537 2268 seq.
