1487 2625
510 186 893 232 ORATIO.
1193 191 1245 234 17

134 320 290 366 Fateor
319 320 509 377 equidem
544 321 799 375 libertatem,
844 337 967 379 quam
996 322 1104 373 dixi,
1150 335 1236 365 non

124 412 215 443 esse
254 412 379 441 unam
420 398 635 454 omnibus3
679 400 777 443 novi
809 400 924 452 audeo
964 399 1198 443 academias
1222 432 1232 449 .

122 473 168 519 in
200 473 351 530 quibus
377 474 515 518 omnia
544 482 628 518 tam
656 475 870 533 diligenter
904 477 1114 535 descripta
1139 484 1234 519 sunt

126 550 288 594 statutis
325 559 364 595 et
392 552 550 608 legibus
578 552 753 610 publicis
770 585 780 605 ‚
824 560 868 596 ut
897 553 1085 596 exulante
1105 552 1236 596 liber-

124 635 234 682 tate,
265 636 432 687 praeter
454 643 607 673 nomen
626 629 728 672 nihil
755 629 969 673 retinuisse
994 629 1230 680 videantur,

126 719 211 762 quo
227 719 295 749 eas
312 720 334 748 a
359 706 515 763 vulgari
531 721 696 762 quaque
721 706 864 749 schola
881 706 1105 750 discernas.
1142 706 1228 750 Ve-

125 795 218 824 rum
253 781 354 824 aliae
392 781 530 825 adhuc
566 782 753 832 libertate
788 784 1006 832 fruuntur,
1041 790 1112 827 aut
1141 785 1234 841 ple-

124 871 206 910 na,
245 865 315 900 aut
358 858 450 916 plus
484 858 667 902 minusve
685 866 929 918 temperata.
992 860 1116 918 Apud
1142 875 1234 903 ma-

126 933 238 991 jores
267 941 401 978 autem
436 935 501 978 vix
534 935 667 979 minus
693 937 854 994 amplus
877 943 964 979 erat
986 937 1054 980 ille
1076 937 1232 979 fructus

79 1011 81 1013 ’
128 1024 252 1067 quam
275 1011 318 1053 in
349 1011 486 1069 primo
517 1019 611 1055 ortu
642 1012 982 1057 Universitatium
1013 1013 1229 1056 Bononiae

128 1093 168 1130 et
197 1087 361 1131 Patavii
380 1088 526 1132 suerat.
562 1088 752 1132 Docebat
776 1089 949 1146 quisque
973 1105 1019 1132 ea
1048 1090 1102 1133 ad
1127 1105 1233 1146 quae

127 1164 316 1208 docenda
339 1164 515 1208 maxime
543 1172 712 1209 vocatus
737 1173 848 1218 era-t,
866 1181 942 1210 nec
972 1173 1110 1209 tamen
1143 1167 1232 1210 aliis

128 1255 234 1297 quae
270 1248 484 1298 praeterea
527 1241 640 1284 utilia
681 1241 873 1295 duceret,
907 1243 1114 1287 abstinere
1152 1258 1230 1287 co-

128 1316 323 1375 gebatur,
353 1332 404 1360 ne
437 1317 486 1361 iis
512 1317 676 1374 quidem
705 1334 811 1375 quae
846 1335 868 1363 a
911 1321 1066 1378 collega
1096 1321 1235 1378 aliquo
1272 1329 1280 1332 ’

126 1395 386 1438 docerentur.
419 1394 563 1450 Itaque
579 1395 752 1440 studiosi
781 1412 901 1453 quem
931 1397 1079 1440 vellent
1099 1396 1231 1440 maxi-

126 1486 192 1515 me
220 1470 465 1527 audiebant3
488 1485 564 1515 nec
588 1479 751 1531 tempus
775 1480 862 1517 tum
892 1481 1088 1517 statutum
1119 1481 1206 1518 erat
1223 1506 1233 1525 ‚

70 1544 71 1549 ¹
125 1562 202 1592 nec
229 1549 399 1603 modus3
431 1563 602 1593 examen
634 1557 767 1594 autem
805 1551 891 1594 leve
934 1559 1022 1594 erat
1053 1558 1092 1594 et
1129 1552 1234 1594 clam

126 1626 384 1677 sumebatur,
427 1640 519 1669 cum
555 1626 735 1684 benigna
773 1626 1046 1671 sollicitudine
1086 1634 1132 1670 ut.
1169 1628 1237 1670 fa-

129 1717 223 1748 mae.
244 1702 452 1746 candidati
483 1711 738 1761 parceretur.
798 1703 912 1747 Haec
943 1711 1038 1747 sunt
1063 1704 1106 1746 in
1135 1703 1237 1747 Sta-

129 1767 227 1822 tutis
252 1778 543 1832 Leidensibus‚
573 1794 705 1836 neque
738 1780 855 1824 aliter
883 1780 926 1823 in
959 1780 1047 1824 aliis
1072 1777 1233 1839 patriae

129 1854 350 1899 academiis
368 1856 629 1899 observatum
648 1856 736 1901 esse
760 1872 836 1915 per
859 1858 1027 1915 longum
1046 1864 1234 1916 tempus,

129 1932 315 1991 plerique
349 1940 535 1977 nostrum
564 1933 850 1978 meminerunt.
881 1934 929 1977 In
960 1933 1105 1992 primis
1139 1948 1236 1977 vero

129 2009 398 2054 memorabile
455 2016 539 2059 est,
597 2010 710 2066 quod
757 2017 842 2053 tum
881 2010 934 2053 ad
985 2009 1233 2053 audiendum

130 2086 524 2143 frequentandumve
585 2101 706 2129 nemo
760 2086 1002 2143 cogebatur.
1078 2086 1236 2144 Nempe

133 2163 246 2220 quod
285 2163 325 2206 in
352 2163 490 2222 pueris
523 2162 812 2206 scholasticum
845 2170 929 2215 est,
961 2162 1236 2206 necessarium

133 2246 293 2292 tamen,
329 2240 471 2293 ‘id·in
518 2241 687 2283 maturis
726 2240 1057 2291 adolescentibus
1093 2238 1235 2283 servile

1072 2320 1096 2359 ¹2
