<?xml version="1.0" encoding="UTF-8"?>
<!DOCTYPE html PUBLIC "-//W3C//DTD XHTML 1.0 Transitional//EN"
    "http://www.w3.org/TR/xhtml1/DTD/xhtml1-transitional.dtd">
<html xmlns="http://www.w3.org/1999/xhtml" xml:lang="en" lang="en">
 <head>
  <title>
</title>
<meta http-equiv="Content-Type" content="text/html;charset=utf-8" />
  <meta name='ocr-system' content='tesseract 3.04.00' />
  <meta name='ocr-capabilities' content='ocr_page ocr_carea ocr_par ocr_line ocrx_word'/>
</head>
<body>
  <div class='ocr_page' id='page_1' title='image "annalesacademiae35rhen_0100.png"; bbox 0 0 1487 2625; ppageno 0'>
   <div class='ocr_carea' id='block_1_1' title="bbox 177 134 1041 183">
    <p class='ocr_par' dir='ltr' id='par_1_1' title="bbox 177 134 1041 183">
     <span class='ocr_line' id='line_1_1' title="bbox 177 134 1041 183; baseline -0.005 0"><span class='ocrx_word' id='word_1_1' title='bbox 177 139 233 183; x_wconf 80' lang='lat'><strong>56</strong></span> <span class='ocrx_word' id='word_1_2' title='bbox 415 137 553 183; x_wconf 86' lang='lat' dir='ltr'>ADR.</span> <span class='ocrx_word' id='word_1_3' title='bbox 587 135 755 183; x_wconf 81' lang='lat' dir='ltr'><strong>GATH.</strong></span> <span class='ocrx_word' id='word_1_4' title='bbox 781 134 1041 181; x_wconf 89' lang='lat' dir='ltr'><strong>HOLTlUS</strong></span> 
     </span>
    </p>
   </div>
   <div class='ocr_carea' id='block_1_2' title="bbox 185 268 1319 1705">
    <p class='ocr_par' dir='ltr' id='par_1_2' title="bbox 185 268 1299 638">
     <span class='ocr_line' id='line_1_2' title="bbox 185 268 1289 329; baseline -0.006 -12"><span class='ocrx_word' id='word_1_5' title='bbox 185 281 224 322; x_wconf 89' lang='lat' dir='ltr'><strong>et</strong></span> <span class='ocrx_word' id='word_1_6' title='bbox 256 272 396 329; x_wconf 83' lang='lat' dir='ltr'><strong>judicii</strong></span> <span class='ocrx_word' id='word_1_7' title='bbox 433 270 660 325; x_wconf 87' lang='lat' dir='ltr'><strong>subtilitas;</strong></span> <span class='ocrx_word' id='word_1_8' title='bbox 719 268 1018 326; x_wconf 83' lang='lat' dir='ltr'><strong>disquisitionis</strong></span> <span class='ocrx_word' id='word_1_9' title='bbox 1065 281 1289 326; x_wconf 85' lang='lat' dir='ltr'><strong>argumen-</strong></span> 
     </span>
     <span class='ocr_line' id='line_1_3' title="bbox 185 346 1294 405; baseline -0.005 -13"><span class='ocrx_word' id='word_1_10' title='bbox 185 358 270 401; x_wconf 82' lang='lat' dir='ltr'><strong>tum</strong></span> <span class='ocrx_word' id='word_1_11' title='bbox 299 348 479 396; x_wconf 75' lang='lat' dir='ltr'><strong>ostendit</strong></span> <span class='ocrx_word' id='word_1_12' title='bbox 504 347 663 405; x_wconf 84' lang='lat' dir='ltr'><strong>magis,</strong></span> <span class='ocrx_word' id='word_1_13' title='bbox 714 362 838 403; x_wconf 89' lang='lat' dir='ltr'><strong>quam</strong></span> <span class='ocrx_word' id='word_1_14' title='bbox 870 346 1076 405; x_wconf 88' lang='lat' dir='ltr'><strong>explicat,</strong></span> <span class='ocrx_word' id='word_1_15' title='bbox 1121 351 1294 397; x_wconf 84' lang='lat' dir='ltr'><strong>auctor,</strong></span> 
     </span>
     <span class='ocr_line' id='line_1_4' title="bbox 185 421 1297 482; baseline -0.002 -15"><span class='ocrx_word' id='word_1_16' title='bbox 185 426 279 470; x_wconf 85' lang='lat' dir='ltr'><strong>licet</strong></span> <span class='ocrx_word' id='word_1_17' title='bbox 304 425 348 467; x_wconf 91' lang='lat' dir='ltr'><strong>in</strong></span> <span class='ocrx_word' id='word_1_18' title='bbox 376 423 594 470; x_wconf 86' lang='lat' dir='ltr'><strong>tractanda</strong></span> <span class='ocrx_word' id='word_1_19' title='bbox 624 423 851 482; x_wconf 86' lang='lat' dir='ltr'><strong>posteriori</strong></span> <span class='ocrx_word' id='word_1_20' title='bbox 879 431 1000 481; x_wconf 88' lang='lat' dir='ltr'><strong>parte</strong></span> <span class='ocrx_word' id='word_1_21' title='bbox 1024 421 1177 466; x_wconf 87' lang='lat' dir='ltr'><strong>rectius</strong></span> <span class='ocrx_word' id='word_1_22' title='bbox 1201 421 1297 464; x_wconf 87' lang='lat' dir='ltr'><strong>fue-</strong></span> 
     </span>
     <span class='ocr_line' id='line_1_5' title="bbox 190 498 1299 558; baseline -0.006 -11"><span class='ocrx_word' id='word_1_23' title='bbox 190 503 244 548; x_wconf 87' lang='lat' dir='ltr'><strong>rit</strong></span> <span class='ocrx_word' id='word_1_24' title='bbox 264 508 473 557; x_wconf 71' lang='lat' dir='ltr'><strong>versatus,</strong></span> <span class='ocrx_word' id='word_1_25' title='bbox 497 515 632 558; x_wconf 91' lang='lat' dir='ltr'><strong>neque</strong></span> <span class='ocrx_word' id='word_1_26' title='bbox 661 499 897 547; x_wconf 81' lang='lat' dir='ltr'><strong>Latinitatis</strong></span> <span class='ocrx_word' id='word_1_27' title='bbox 920 498 1106 544; x_wconf 90' lang='lat' dir='ltr'><strong>bonitate</strong></span> <span class='ocrx_word' id='word_1_28' title='bbox 1118 510 1299 556; x_wconf 85' lang='lat' dir='ltr'><strong>magno—</strong></span> 
     </span>
     <span class='ocr_line' id='line_1_6' title="bbox 189 577 730 638; baseline -0.002 -15"><span class='ocrx_word' id='word_1_29' title='bbox 189 593 290 638; x_wconf 87' lang='lat' dir='ltr'><strong>pere</strong></span> <span class='ocrx_word' id='word_1_30' title='bbox 328 592 419 622; x_wconf 92' lang='lat' dir='ltr'><strong>sese</strong></span> <span class='ocrx_word' id='word_1_31' title='bbox 453 577 730 622; x_wconf 87' lang='lat' dir='ltr'><strong>commendat.</strong></span> 
     </span>
    </p>

    <p class='ocr_par' dir='ltr' id='par_1_3' title="bbox 192 649 1307 943">
     <span class='ocr_line' id='line_1_7' title="bbox 248 649 1303 713; baseline -0.003 -14"><span class='ocrx_word' id='word_1_32' title='bbox 248 655 409 699; x_wconf 88' lang='lat' dir='ltr'><strong>Harum</strong></span> <span class='ocrx_word' id='word_1_33' title='bbox 435 649 561 712; x_wconf 84' lang='lat' dir='ltr'><strong>igitur</strong></span> <span class='ocrx_word' id='word_1_34' title='bbox 599 654 700 699; x_wconf 89' lang='lat' dir='ltr'><strong>nulli</strong></span> <span class='ocrx_word' id='word_1_35' title='bbox 732 652 962 713; x_wconf 90' lang='lat' dir='ltr'><strong>praemium</strong></span> <span class='ocrx_word' id='word_1_36' title='bbox 997 652 1181 697; x_wconf 86' lang='lat' dir='ltr'><strong>tribuere</strong></span> <span class='ocrx_word' id='word_1_37' title='bbox 1217 666 1303 711; x_wconf 92' lang='lat' dir='ltr'><strong>po-</strong></span> 
     </span>
     <span class='ocr_line' id='line_1_8' title="bbox 192 727 1306 787; baseline -0.004 -11"><span class='ocrx_word' id='word_1_38' title='bbox 192 733 270 776; x_wconf 87' lang='lat' dir='ltr'><strong>tuit</strong></span> <span class='ocrx_word' id='word_1_39' title='bbox 316 731 471 787; x_wconf 82' lang='lat' dir='ltr'><strong>Ordo3</strong></span> <span class='ocrx_word' id='word_1_40' title='bbox 504 731 621 776; x_wconf 87' lang='lat' dir='ltr'><strong>aliter</strong></span> <span class='ocrx_word' id='word_1_41' title='bbox 650 745 750 775; x_wconf 89' lang='lat' dir='ltr'><strong>vero</strong></span> <span class='ocrx_word' id='word_1_42' title='bbox 787 745 856 775; x_wconf 90' lang='lat' dir='ltr'><strong>res</strong></span> <span class='ocrx_word' id='word_1_43' title='bbox 882 745 928 775; x_wconf 93' lang='lat' dir='ltr'><strong>se</strong></span> <span class='ocrx_word' id='word_1_44' title='bbox 968 728 1115 774; x_wconf 87' lang='lat' dir='ltr'><strong>habuit</strong></span> <span class='ocrx_word' id='word_1_45' title='bbox 1154 729 1198 773; x_wconf 91' lang='lat' dir='ltr'><strong>in</strong></span> <span class='ocrx_word' id='word_1_46' title='bbox 1235 727 1306 772; x_wconf 89' lang='lat' dir='ltr'><strong>di-</strong></span> 
     </span>
     <span class='ocr_line' id='line_1_9' title="bbox 195 806 1307 867; baseline -0.001 -14"><span class='ocrx_word' id='word_1_47' title='bbox 195 807 420 867; x_wconf 82' lang='lat' dir='ltr'><strong>judicanda</strong></span> <span class='ocrx_word' id='word_1_48' title='bbox 443 815 592 866; x_wconf 88' lang='lat' dir='ltr'><strong>quarta</strong></span> <span class='ocrx_word' id='word_1_49' title='bbox 619 808 948 862; x_wconf 83' lang='lat' dir='ltr'><strong>Dissertatione,</strong></span> <span class='ocrx_word' id='word_1_50' title='bbox 976 807 1181 866; x_wconf 90' lang='lat' dir='ltr'><strong>Symbolo</strong></span> <span class='ocrx_word' id='word_1_51' title='bbox 1207 806 1307 852; x_wconf 87' lang='lat' dir='ltr'><strong>Cle-</strong></span> 
     </span>
     <span class='ocr_line' id='line_1_10' title="bbox 197 884 1135 943; baseline 0.001 -15"><span class='ocrx_word' id='word_1_52' title='bbox 197 885 380 929; x_wconf 86' lang='lat' dir='ltr'><strong>mentino</strong></span> <span class='ocrx_word' id='word_1_53' title='bbox 403 885 633 943; x_wconf 85' lang='lat' dir='ltr'><strong>inscripta:</strong></span> <span class='ocrx_word' id='word_1_54' title='bbox 665 884 936 942; x_wconf 74' lang='grc' dir='ltr'><em>ἓπ-οιιδικγογει</em></span> <span class='ocrx_word' id='word_1_55' title='bbox 965 902 1001 931; x_wconf 82' lang='grc' dir='ltr'><strong>κ.</strong></span> <span class='ocrx_word' id='word_1_56' title='bbox 1029 903 1071 929; x_wconf 78' lang='grc' dir='ltr'><strong>τ.</strong></span> <span class='ocrx_word' id='word_1_57' title='bbox 1094 894 1135 929; x_wconf 84' lang='grc' dir='ltr'><strong>λ.</strong></span> 
     </span>
    </p>

    <p class='ocr_par' dir='ltr' id='par_1_4' title="bbox 201 960 1319 1544">
     <span class='ocr_line' id='line_1_11' title="bbox 258 960 1311 1019; baseline -0.002 -12"><span class='ocrx_word' id='word_1_58' title='bbox 258 961 466 1007; x_wconf 89' lang='lat' dir='ltr'><strong>Universe</strong></span> <span class='ocrx_word' id='word_1_59' title='bbox 513 961 680 1019; x_wconf 91' lang='lat' dir='ltr'><strong>quidem</strong></span> <span class='ocrx_word' id='word_1_60' title='bbox 720 962 954 1006; x_wconf 83' lang='lat' dir='ltr'><strong>accuratius</strong></span> <span class='ocrx_word' id='word_1_61' title='bbox 1000 968 1040 1006; x_wconf 92' lang='lat' dir='ltr'><strong>et</strong></span> <span class='ocrx_word' id='word_1_62' title='bbox 1080 960 1311 1005; x_wconf 87' lang='lat' dir='ltr'><strong>distinctius</strong></span> 
     </span>
     <span class='ocr_line' id='line_1_12' title="bbox 201 1037 1314 1096; baseline -0.003 -13"><span class='ocrx_word' id='word_1_63' title='bbox 201 1046 388 1084; x_wconf 85' lang='lat' dir='ltr'><strong>versatus</strong></span> <span class='ocrx_word' id='word_1_64' title='bbox 414 1039 491 1083; x_wconf 85' lang='lat' dir='ltr'><strong>fuit</strong></span> <span class='ocrx_word' id='word_1_65' title='bbox 517 1045 664 1082; x_wconf 87' lang='lat' dir='ltr'><strong>auctor</strong></span> <span class='ocrx_word' id='word_1_66' title='bbox 686 1038 730 1081; x_wconf 90' lang='lat' dir='ltr'><strong>in</strong></span> <span class='ocrx_word' id='word_1_67' title='bbox 756 1045 1001 1096; x_wconf 82' lang='lat' dir='ltr'><strong>argumento</strong></span> <span class='ocrx_word' id='word_1_68' title='bbox 1026 1037 1128 1082; x_wconf 90' lang='lat' dir='ltr'><strong>satis</strong></span> <span class='ocrx_word' id='word_1_69' title='bbox 1156 1037 1314 1082; x_wconf 90' lang='lat' dir='ltr'><strong>difficili</strong></span> 
     </span>
     <span class='ocr_line' id='line_1_13' title="bbox 205 1115 1315 1174; baseline 0 -15"><span class='ocrx_word' id='word_1_70' title='bbox 205 1115 476 1174; x_wconf 87' lang='lat' dir='ltr'><strong>explicando,</strong></span> <span class='ocrx_word' id='word_1_71' title='bbox 512 1123 552 1159; x_wconf 88' lang='lat' dir='ltr'><strong>et</strong></span> <span class='ocrx_word' id='word_1_72' title='bbox 588 1115 818 1168; x_wconf 84' lang='lat' dir='ltr'><strong>latinitate,</strong></span> <span class='ocrx_word' id='word_1_73' title='bbox 847 1115 943 1159; x_wconf 92' lang='lat' dir='ltr'><strong>licet</strong></span> <span class='ocrx_word' id='word_1_74' title='bbox 975 1115 1182 1159; x_wconf 89' lang='lat' dir='ltr'><strong>secundae</strong></span> <span class='ocrx_word' id='word_1_75' title='bbox 1209 1115 1315 1160; x_wconf 82' lang='lat' dir='ltr'><strong>Dis-</strong></span> 
     </span>
     <span class='ocr_line' id='line_1_14' title="bbox 206 1191 1317 1251; baseline 0.002 -17"><span class='ocrx_word' id='word_1_76' title='bbox 206 1192 421 1235; x_wconf 86' lang='lat' dir='ltr'><strong>sertationi</strong></span> <span class='ocrx_word' id='word_1_77' title='bbox 448 1191 612 1251; x_wconf 86' lang='lat' dir='ltr'><strong>impar,</strong></span> <span class='ocrx_word' id='word_1_78' title='bbox 644 1191 904 1250; x_wconf 84' lang='lat' dir='ltr'><strong>probandus.</strong></span> <span class='ocrx_word' id='word_1_79' title='bbox 979 1192 1154 1236; x_wconf 87' lang='lat' dir='ltr'><strong>Etiamsi</strong></span> <span class='ocrx_word' id='word_1_80' title='bbox 1190 1192 1317 1250; x_wconf 83' lang='lat' dir='ltr'><strong>igitur</strong></span> 
     </span>
     <span class='ocr_line' id='line_1_15' title="bbox 205 1267 1317 1323; baseline 0.004 -13"><span class='ocrx_word' id='word_1_81' title='bbox 205 1282 291 1311; x_wconf 90' lang='lat' dir='ltr'><strong>non</strong></span> <span class='ocrx_word' id='word_1_82' title='bbox 329 1268 468 1311; x_wconf 83' lang='lat' dir='ltr'><strong>omnia</strong></span> <span class='ocrx_word' id='word_1_83' title='bbox 505 1267 775 1312; x_wconf 83' lang='lat' dir='ltr'><strong>laudatissimi</strong></span> <span class='ocrx_word' id='word_1_84' title='bbox 807 1268 965 1323; x_wconf 84' lang='lat' dir='ltr'><strong>juvenis</strong></span> <span class='ocrx_word' id='word_1_85' title='bbox 1005 1269 1057 1313; x_wconf 89' lang='lat' dir='ltr'><strong>de</strong></span> <span class='ocrx_word' id='word_1_86' title='bbox 1099 1268 1317 1314; x_wconf 83' lang='lat' dir='ltr'><strong>Socratica</strong></span> 
     </span>
     <span class='ocr_line' id='line_1_16' title="bbox 206 1344 1319 1404; baseline 0.003 -17"><span class='ocrx_word' id='word_1_87' title='bbox 206 1344 475 1404; x_wconf 90' lang='lat' dir='ltr'><strong>philosophia</strong></span> <span class='ocrx_word' id='word_1_88' title='bbox 502 1344 655 1401; x_wconf 87' lang='lat' dir='ltr'><strong>judicia</strong></span> <span class='ocrx_word' id='word_1_89' title='bbox 684 1344 912 1403; x_wconf 84' lang='lat' dir='ltr'><strong>Theologis</strong></span> <span class='ocrx_word' id='word_1_90' title='bbox 940 1346 1164 1403; x_wconf 87' lang='lat' dir='ltr'><strong>probanda</strong></span> <span class='ocrx_word' id='word_1_91' title='bbox 1198 1346 1319 1391; x_wconf 86' lang='lat' dir='ltr'><strong>vide-</strong></span> 
     </span>
     <span class='ocr_line' id='line_1_17' title="bbox 211 1421 1317 1480; baseline 0 -14"><span class='ocrx_word' id='word_1_92' title='bbox 211 1423 388 1475; x_wconf 81' lang='lat' dir='ltr'><strong>bantur,</strong></span> <span class='ocrx_word' id='word_1_93' title='bbox 420 1423 484 1465; x_wconf 91' lang='lat' dir='ltr'><strong>vel</strong></span> <span class='ocrx_word' id='word_1_94' title='bbox 526 1421 585 1465; x_wconf 93' lang='lat' dir='ltr'><strong>sic</strong></span> <span class='ocrx_word' id='word_1_95' title='bbox 627 1429 766 1465; x_wconf 85' lang='lat' dir='ltr'><strong>tamen</strong></span> <span class='ocrx_word' id='word_1_96' title='bbox 802 1422 990 1480; x_wconf 86' lang='lat' dir='ltr'><strong>praemio</strong></span> <span class='ocrx_word' id='word_1_97' title='bbox 1023 1422 1192 1480; x_wconf 83' lang='lat' dir='ltr'><strong>dignum</strong></span> <span class='ocrx_word' id='word_1_98' title='bbox 1225 1437 1317 1468; x_wconf 91' lang='lat' dir='ltr'><strong>eum</strong></span> 
     </span>
     <span class='ocr_line' id='line_1_18' title="bbox 212 1505 474 1544; baseline -0.004 -1"><span class='ocrx_word' id='word_1_99' title='bbox 212 1505 474 1544; x_wconf 90' lang='lat' dir='ltr'><strong>censuerunt.</strong></span> 
     </span>
    </p>

    <p class='ocr_par' dir='ltr' id='par_1_5' title="bbox 270 1574 989 1635">
     <span class='ocr_line' id='line_1_19' title="bbox 270 1574 989 1635; baseline -0.003 -16"><span class='ocrx_word' id='word_1_100' title='bbox 270 1577 430 1635; x_wconf 87' lang='lat' dir='ltr'><strong>Aperta</strong></span> <span class='ocrx_word' id='word_1_101' title='bbox 456 1575 654 1619; x_wconf 86' lang='lat' dir='ltr'><strong>schedula</strong></span> <span class='ocrx_word' id='word_1_102' title='bbox 684 1590 837 1619; x_wconf 89' lang='lat' dir='ltr'><strong>nomen</strong></span> <span class='ocrx_word' id='word_1_103' title='bbox 872 1574 989 1619; x_wconf 80' lang='lat' dir='ltr'><strong>exiit:</strong></span> 
     </span>
    </p>

    <p class='ocr_par' dir='ltr' id='par_1_6' title="bbox 400 1651 1143 1705">
     <span class='ocr_line' id='line_1_20' title="bbox 400 1651 1143 1705; baseline 0.001 -10"><span class='ocrx_word' id='word_1_104' title='bbox 400 1651 534 1695; x_wconf 84' lang='lat' dir='ltr'><strong>Jani</strong></span> <span class='ocrx_word' id='word_1_105' title='bbox 573 1652 764 1696; x_wconf 85' lang='lat' dir='ltr'><strong>Aasko</strong></span> <span class='ocrx_word' id='word_1_106' title='bbox 808 1652 1143 1705; x_wconf 84' lang='lat' dir='ltr'><strong>Gratamae,</strong></span> 
     </span>
    </p>
   </div>
   <div class='ocr_carea' id='block_1_3' title="bbox 218 1727 1328 1910">
    <p class='ocr_par' dir='ltr' id='par_1_7' title="bbox 218 1727 1328 1910">
     <span class='ocr_line' id='line_1_21' title="bbox 450 1727 1092 1768; baseline 0.003 -12"><span class='ocrx_word' id='word_1_107' title='bbox 450 1727 566 1758; x_wconf 81' lang='lat' dir='ltr'><strong>Theol.</strong></span> <span class='ocrx_word' id='word_1_108' title='bbox 589 1729 674 1758; x_wconf 86' lang='lat' dir='ltr'><strong>stud.</strong></span> <span class='ocrx_word' id='word_1_109' title='bbox 695 1730 727 1757; x_wconf 92' lang='lat' dir='ltr'><strong>in</strong></span> <span class='ocrx_word' id='word_1_110' title='bbox 753 1728 852 1758; x_wconf 79' lang='lat' dir='ltr'><strong>Acad.</strong></span> <span class='ocrx_word' id='word_1_111' title='bbox 876 1727 1092 1768; x_wconf 80' lang='lat' dir='ltr'><strong>Groningana.</strong></span> 
     </span>
     <span class='ocr_line' id='line_1_22' title="bbox 219 1787 1328 1849; baseline 0.003 -18"><span class='ocrx_word' id='word_1_112' title='bbox 219 1788 320 1843; x_wconf 90' lang='lat' dir='ltr'><strong>qui,</strong></span> <span class='ocrx_word' id='word_1_113' title='bbox 349 1787 535 1841; x_wconf 79' lang='lat' dir='ltr'><strong>instituta</strong></span> <span class='ocrx_word' id='word_1_114' title='bbox 560 1787 811 1846; x_wconf 85' lang='lat' dir='ltr'><strong>probatione</strong></span> <span class='ocrx_word' id='word_1_115' title='bbox 828 1820 839 1842; x_wconf 86' lang='lat'>‚</span> <span class='ocrx_word' id='word_1_116' title='bbox 870 1795 1082 1833; x_wconf 90' lang='lat' dir='ltr'><strong>auctorem</strong></span> <span class='ocrx_word' id='word_1_117' title='bbox 1110 1803 1199 1833; x_wconf 90' lang='lat' dir='ltr'><strong>sese</strong></span> <span class='ocrx_word' id='word_1_118' title='bbox 1221 1803 1328 1849; x_wconf 89' lang='lat' dir='ltr'><strong>pro-</strong></span> 
     </span>
     <span class='ocr_line' id='line_1_23' title="bbox 218 1864 344 1910; baseline -0.016 0"><span class='ocrx_word' id='word_1_119' title='bbox 218 1864 344 1910; x_wconf 69' lang='lat' dir='ltr'><strong>havit.</strong></span> 
     </span>
    </p>
   </div>
   <div class='ocr_carea' id='block_1_4' title="bbox 227 2017 1334 2231">
    <p class='ocr_par' dir='ltr' id='par_1_8' title="bbox 227 2017 1334 2231">
     <span class='ocr_line' id='line_1_24' title="bbox 283 2017 1333 2076; baseline 0.002 -15"><span class='ocrx_word' id='word_1_120' title='bbox 283 2017 381 2061; x_wconf 88' lang='lat' dir='ltr'><strong>Tibi</strong></span> <span class='ocrx_word' id='word_1_121' title='bbox 408 2018 618 2075; x_wconf 81' lang='lat' dir='ltr'><strong>gratulor,</strong></span> <span class='ocrx_word' id='word_1_122' title='bbox 648 2019 846 2062; x_wconf 84' lang='lat' dir='ltr'><strong>Gratama</strong></span> <span class='ocrx_word' id='word_1_123' title='bbox 862 2049 873 2070; x_wconf 92' lang='lat'><strong>,</strong></span> <span class='ocrx_word' id='word_1_124' title='bbox 900 2017 1014 2074; x_wconf 94' lang='lat' dir='ltr'><strong>quod</strong></span> <span class='ocrx_word' id='word_1_125' title='bbox 1037 2025 1215 2076; x_wconf 89' lang='lat' dir='ltr'><strong>paterno</strong></span> <span class='ocrx_word' id='word_1_126' title='bbox 1242 2019 1333 2063; x_wconf 89' lang='lat' dir='ltr'><strong>avi·-</strong></span> 
     </span>
     <span class='ocr_line' id='line_1_25' title="bbox 227 2094 1332 2153; baseline 0.001 -16"><span class='ocrx_word' id='word_1_127' title='bbox 227 2101 351 2150; x_wconf 89' lang='lat' dir='ltr'><strong>toque</strong></span> <span class='ocrx_word' id='word_1_128' title='bbox 390 2094 574 2148; x_wconf 86' lang='lat' dir='ltr'><strong>nomini,</strong></span> <span class='ocrx_word' id='word_1_129' title='bbox 616 2094 965 2153; x_wconf 86' lang='lat' dir='ltr'><strong>jurisprudentiae</strong></span> <span class='ocrx_word' id='word_1_130' title='bbox 1003 2094 1150 2138; x_wconf 91' lang='lat' dir='ltr'><strong>studiis</strong></span> <span class='ocrx_word' id='word_1_131' title='bbox 1188 2095 1332 2148; x_wconf 84' lang='lat' dir='ltr'><strong>claro,</strong></span> 
     </span>
     <span class='ocr_line' id='line_1_26' title="bbox 229 2169 1334 2231; baseline 0.004 -19"><span class='ocrx_word' id='word_1_132' title='bbox 229 2169 458 2228; x_wconf 73' lang='lat' dir='ltr'><strong>theologiae</strong></span> <span class='ocrx_word' id='word_1_133' title='bbox 484 2171 646 2216; x_wconf 85' lang='lat' dir='ltr'><strong>laudem</strong></span> <span class='ocrx_word' id='word_1_134' title='bbox 673 2171 827 2222; x_wconf 82' lang='lat' dir='ltr'><strong>addere</strong></span> <span class='ocrx_word' id='word_1_135' title='bbox 855 2171 1055 2231; x_wconf 73' lang='lat' dir='ltr'><strong>coepisti,</strong></span> <span class='ocrx_word' id='word_1_136' title='bbox 1100 2171 1334 2230; x_wconf 81' lang='lat' dir='ltr'><strong>theologiae</strong></span> 
     </span>
    </p>
   </div>
  </div>
 </body>
</html>
