1487 2625
399 193 862 240 “·CHEMICA.
1165 217 1211 254 37

102 316 167 354 pra
198 305 437 352 monuimus,
467 319 548 345 cum
580 308 752 348 ‘'reosoti
782 310 1069 358 proprietatibus
1112 314 1214 350 omni

97 375 175 414 fere
206 385 309 423 parte
348 377 602 415 consentiunt.
674 379 754 416 Nec
790 381 890 418 acide
927 392 1048 429 neque
1090 383 1211 420 aicali-

95 456 138 483 ce
173 445 288 493 reagit
331 457 425 493 aqua
467 446 656 485 Creosoti.
725 448 763 484 Si
803 459 932 496 parum
971 449 1063 486 acidi
1109 449 1208 487 sive·

93 513 198 551 alcali
223 514 256 551 ei
284 514 533 562 admiscetur,
561 516 647 553 haec
679 527 756 554 non
789 519 1091 557 neutralisantur.
1144 521 1206 558 Ad

92 583 318 631 oxygenium
349 595 477 631 parum
504 584 613 622 habet
638 585 849 634 affinitati53
878 587 1059 625 actionem
1085 596 1206 627 tamen

94 652 204 689 habet
234 652 272 689 in
307 654 516 701 sulphatem
547 654 749 702 deutoxydi
773 655 890 701 ferri,
932 657 1040 706 cujus
1063 668 1209 706 oxyge·

92 720 195 759 nium
226 721 370 771 arripit.
423 723 484 761 Ad
505 724 736 771 phaenomen
773 733 893 763 autem
923 727 1206 775 explicandum,
1235 721 1237 723 ¹
1286 717 1295 723 ’

88 791 244 830 affinitas
271 792 561 841 prae-:disponens
588 794 616 830 B
634 795 829 832 erzelii
863 795 901 833 in
930 796 1106 834 auxilium
1135 809 1214 835 vo-v

87 861 202 899 canda
243 870 313 900 est.
379 860 459 901 Gas
495 863 679 900 chlorium
697 892 710 910 ‚
750 875 817 912 per
851 877 982 913 aquam
1023 867 1202 905 Creosoti

89 929 263 977 ductum,
295 931 381 968 huic
419 931 572 969 rubrum
616 933 766 980 praebet
799 935 989 980 colorem,
1018 943 1054 971 et
1081 936 1202 972 oleum

89 1008 259 1048 separat,
287 1001 418 1048 partim
443 1013 488 1040 ex
526 1002 714 1040 Creosoto
736 1002 930 1040 immutato
948 1032 960 1049 ‚
990 1003 1121 1051 partim
1159 1017 1204 1042 ex

88 1069 345 1117 decomposito
370 1070 559 1108 Creosoto
585 1080 779 1109 constans.
819 1072 975 1109 Solutio
1001 1072 1141 1110 Bromii
1165 1073 1202 1109 in

85 1140 183 1188 aqua
195 1167 207 1188 ,
219 1139 416 1177 sufficienti
434 1140 639 1187 quantitate
653 1152 736 1177 cum
751 1143 847 1187 aqua
861 1142 1037 1179 Creosoti
1058 1142 1172 1179 mixta
1189 1170 1202 1187 ‚

84 1210 207 1247 eadem
232 1209 342 1246 efficit
369 1220 462 1257 quae
486 1209 700 1248 Chlorium.
743 1209 891 1247 Solutio
916 1211 1011 1248 lodii
1046 1211 1081 1247 in
1103 1214 1198 1258 aqua

82 1280 219 1318 nullam
243 1280 281 1316 in
305 1290 437 1326 aquam
461 1279 634 1317 Creosoti
661 1279 770 1317 habet
796 1283 993 1317 actionem.

133 1348 315 1387 Tinctura
341 1348 441 1386 lodii.
462 1348 644 1386 turbidam
675 1350 793 1386 reddit
829 1360 959 1396 aquam
985 1349 1163 1387 Creosoti
1180 1377 1192 1395 ‚

81 1420 171 1458 dum
206 1426 396 1466 separetur
421 1417 582 1455 lodium.
968 1409 973 1419 ''

131 1488 279 1528 Solutio
303 1497 474 1536 potassae
501 1488 708 1533 causticae,
739 1488 790 1525 uti
819 1487 924 1525 etiam
956 1500 1050 1535 aqua
1084 1488 1193 1526 calcis

77 1568 115 1597 et
149 1570 260 1611 aqua⁴
276 1558 455 1606 barytae,
507 1558 761 1595 rubescentem
802 1568 889 1605 post
923 1559 1069 1605 aliquot
1111 1557 1189 1595 dies

78 1640 194 1677 aquae
231 1627 409 1667 Creosoti
442 1626 612 1664 tribuunt
636 1628 817 1665 colorem.

129 1697 285 1736 Acidum
310 1697 561 1745 manganicnm
585 1697 616 1733 si
647 1697 684 1734 in
709 1708 839 1743 aquam
871 1697 1044 1735 Creosoti
1067 1706 1192 1745 gutta-

78 1767 144 1805 tim
165 1766 374 1816 injiciatur,
403 1766 538 1803 amittit
567 1766 727 1802 colorem
756 1776 862 1802 suum
889 1765 1123 1811 violaceum,
1151 1775 1188 1803 ct

75 1835 264 1874 reducitur
297 1835 341 1872 ad
368 1835 596 1882 peroxydum
633 1834 881 1882 manganesii‚
911 1834 1019 1871 etiam
1052 1834 1084 1871 si
1114 1834 1188 1871 aci-

73 1907 161 1945 dum
190 1904 442 1953 manganicum
467 1905 516 1941 sit
539 1904 644 1942 valde
667 1904 839 1941 dilutum.

124 1975 283 2014 Acidum
323 1973 495 2011 nitricum
512 2001 525 2019 ,
565 1984 609 2010 ex
641 1973 734 2009 Rei
751 1984 770 2010 c
787 1972 1077 2010 hcnbachii
1104 1985 1187 2011 sen-

77 2044 216 2091 tentia,
244 2044 380 2081 nullam
403 2042 511 2080 habet
533 2042 715 2080 actionem
739 2043 776 2079 in
811 2054 941 2090 aquam
970 2042 1146 2080 Creosoti
1167 2057 1180 2091 ;

74 2117 139 2154 sed
167 2126 262 2163 aqua
286 2112 486 2159 Creosoti,
520 2124 627 2164 quam
658 2124 740 2149 cum
779 2112 849 2150 hoc
888 2113 992 2150 acido
1017 2113 1055 2150 in
1092 2125 1184 2150 con·

75 2193 174 2222 tactu
209 2184 413 2232 ponebam,
440 2182 696 2220 rubescentem
731 2181 934 2238 accipiebat
959 2183 1137 2221 colorem.

124 2253 281 2292 Acidum
327 2251 582 2301 sulphuricum
629 2252 765 2289 nuliam
800 2250 958 2298 primum
995 2251 1176 2290 actionem

780 2320 785 2324 ’
1117 2324 1178 2359 ha-
