1487 2625
266 189 311 224 32
501 180 1178 220 COMMENTATIO.

264 288 359 334 bus,
390 290 497 337 cujus
524 297 723 326 extremum
750 291 865 326 vitreo
892 289 1061 328 tubulato
1079 289 1191 337 globo
1207 291 1362 328 instruc-

207 341 213 346 ι
262 367 338 394 tum
378 368 460 402 est,
498 358 742 406 adjungatur,
783 369 860 396 tum
902 368 989 407 post
1025 361 1174 408 aliquod
1217 369 1363 410 tempus

261 429 468 474 nigrescens
493 427 673 473 liquidum
694 430 731 464 in
752 429 905 465 vitreum
924 429 1052 466 tubum
1071 431 1191 468 veniet
1204 459 1217 477 ,
1234 432 1335 478 quod
1348 460 1362 478 ‚

259 497 344 533 dum
384 496 547 533 videatur
578 508 657 535 esse
691 498 844 535 fluidum
873 498 1083 545 liquidum,
1120 511 1244 538 revera
1271 500 1365 539 nihil

257 565 353 602 aliud
391 575 446 603 est
482 565 553 602 nisi
589 567 724 604 flumen
764 567 929 616 fuliginis
969 569 1228 616 tenuissimae,
1260 571 1364 618 quod

258 635 412 672 fundum
436 636 538 684 globi
571 647 754 684 occupat,
794 647 829 675 et
858 638 1035 675 internam
1068 647 1178 686 atque
1203 638 1365 677 infimam

258 715 395 752 partem
421 705 501 743 tubi
529 705 636 743 vitrei
668 709 792 745 crusta
827 708 1046 755 nigrescenti
1083 709 1242 757 tegebat.
1295 709 1364 747 Per

258 775 429 812 tubulum
471 776 584 823 globo
620 775 841 823 applicatum
888 778 1129 815 evolvebatur
1170 780 1267 816 lente
1296 789 1362 826 gaz

258 845 439 892 quoddam
455 874 467 892 ‚
493 847 695 883 ammoniae
714 847 827 883 odore
840 858 964 884 carens
978 875 989 894 ,
1006 847 1235 895 naphthalini
1252 848 1366 885 odore

255 916 492 954 instructum.
543 915 756 964 Limpidum
789 925 908 954 autem
941 917 1011 953 hoc
1038 926 1113 954 erat
1134 926 1169 954 et
1196 917 1275 954 sine
1299 927 1367 954 co·

258 987 360 1031 lore,
386 995 496 1034 atque
520 985 627 1023 facile
651 985 933 1024 accendebatur.

309 1056 467 1093 Flamma
503 1055 588 1093 hinc
625 1064 733 1102 orta,
787 1055 990 1092 attentione
1023 1064 1098 1093 erat
1135 1055 1361 1104 dignissima.

258 1125 407 1163 infimae
440 1126 604 1163 flammae
630 1125 723 1173 parti
747 1125 940 1161 coeruleus
968 1134 1041 1162 erat
1072 1126 1207 1172 color;
1237 1135 1366 1171 seque·

258 1196 365 1233 batur
387 1196 491 1233 color
510 1195 708 1242 candidus„
736 1194 787 1231 uti
815 1195 1037 1231 flammarum
1067 1193 1286 1241 hydrogenii
1307 1193 1367 1229 bi-

257 1265 470 1311 carbonati,
499 1265 583 1301 huic
618 1275 704 1301 vero
744 1263 923 1300 successit
950 1263 1074 1309 pluma
1101 1261 1297 1309 singularis
1323 1272 1387 1310 ex¹

258 1335 320 1372 illa
347 1335 468 1371 oriens
483 1362 493 1380 ,
516 1334 699 1382 qu'usque
720 1334 825 1369 color
842 1331 955 1380 magis
975 1331 1109 1369 rutilus
1133 1339 1232 1378 erat,
1258 1342 1366 1378 quam

260 1405 410 1442 candida
435 1405 493 1442 illa
522 1404 693 1450 flamma,
729 1412 763 1440 et
790 1413 884 1449 quae
910 1413 955 1440 ex
981 1401 1096 1449 igneis
1123 1400 1196 1439 filis
1221 1410 1369 1438 consta-

262 1475 348 1517 bat,
375 1483 544 1521 tanquam
575 1483 650 1510 rete
678 1473 885 1509 instructis.
955 1471 1117 1509 Maxima
1140 1480 1260 1508 autem
1287 1471 1367 1519 ejus

263 1544 453 1582 intensitas
488 1544 689 1581 habebatur
723 1554 764 1579 eo
794 1542 907 1588 loco,
948 1541 1012 1578 ubi
1039 1541 1217 1578 flammam
1257 1541 1366 1577 relin-

263 1615 423 1660 quebat,
456 1614 689 1650 decrescente
726 1611 958 1655 intensitate‚
996 1621 1116 1657 usque
1153 1611 1239 1648 dum
1274 1621 1366 1658 pau·

263 1684 360 1720 latim
387 1683 570 1719 avolabat.
642 1682 738 1718 Haec
766 1682 890 1729 pluma
911 1680 1139 1717 altitudinem
1163 1679 1318 1717 habebat
1343 1690 1366 1726 5

261 1753 573 1789 centimetrorum.
629 1752 668 1788 In
710 1750 811 1787 omni
849 1759 966 1787 autem
1000 1750 1066 1786 hac
1103 1749 1364 1787 combustione

261 1824 359 1860 nulla
380 1822 565 1859 oriebatur
590 1820 724 1868 fuligo.

313 1891 351 1929 Si
381 1891 436 1928 fila
465 1891 631 1937 parallela
651 1889 901 1926 candescentia
923 1887 1125 1927 accuratius
1142 1887 1368 1936 investigan-

262 1973 345 2008 tur,
389 1961 611 2001 videbuntur
646 1959 788 2007 singula
821 1970 864 1996 ex
891 1959 1014 2007 parvis
1042 1958 1190 2005 punctis
1217 1958 1365 1995 candes-

260 2032 429 2069 ceutibus
453 2039 643 2075 constare,
671 2041 764 2076 quae
786 2029 951 2065 celeriter
976 2029 1226 2075 adscendunt,
1254 2036 1366 2075 atque

262 2104 397 2150 igitur,
437 2101 520 2148 quia
555 2098 748 2146 impressio
778 2098 932 2146 alicujus
962 2097 1126 2144 imagInis
1152 2096 1189 2133 in
1215 2097 1362 2133 oculum

223 2209 226 2211 ,
261 2184 324 2219 per
347 2174 367 2220 ᾗ
390 2171 568 2208 minutum
601 2169 798 2216 perdurat,
833 2177 1002 2214 tanquam
1032 2166 1131 2204 filum
1149 2167 1258 2202 oculo
1283 2176 1365 2202 sese

261 2242 455 2279 ostendere
480 2239 627 2276 debent.

1265 2303 1362 2340 ilaec
