1487 2625
229 170 277 208 26
446 163 1106 207 COMMENTATIO

227 284 391 315 centrato
415 274 580 320 solutio,
614 282 700 321 post
725 274 940 311 dilutionem
964 286 1046 312 cum
1071 286 1164 322 aqua
1179 302 1192 322 ,
1228 274 1326 313 haud

227 346 371 385 turbida
387 345 464 382 fiat.
504 343 739 380 Contrarium
766 343 860 380 enim
891 343 1091 389 indicaret,
1117 345 1235 382 adhuc
1263 357 1326 381 eu-

227 417 317 465 pion
340 416 398 454 vel
421 413 651 461 pan-affinum
683 413 803 450 Creo
818 421 922 449 soto
950 412 1145 450 contineri.

277 499 313 535 3.
366 485 523 523 Amarus
558 482 758 520 solutionis
785 493 923 529 sapor,
960 491 1039 518 orta
1064 491 1151 529 post
1178 481 1329 531 refrige-

223 554 400 592 rationem
423 553 616 602 crystaHa,
638 551 776 589 indicio
791 560 877 588 sunt
890 550 1113 589 Picamarum
1127 551 1328 590 contineri.

221 623 336 673 Quod
364 623 459 660 idem
488 621 594 660 etiam
623 621 861 671 cognoscitur
894 620 1081 658 solutione
1114 621 1265 670 barytae
1290 622 1328 660 in

221 694 390 732 alcohole
416 704 587 751 aquoso,
626 692 902 739 praecipitatum
937 691 1062 728 album
1091 691 1326 739 excutiente,

224 765 326 812 quod
352 774 408 802 est
430 762 656 801 combinatio
681 762 852 809 picamari
879 773 965 799 cum
989 761 1135 810 baryta.

273 834 314 872 Si
335 845 424 871 vero
447 835 549 871 adest
570 831 798 870 Pittacalium
812 859 825 878 ,
846 831 986 868 solutio
999 832 1211 869 coeruleum
1224 832 1328 869 colo-

222 916 295 941 rem
317 903 487 942 assumit.
525 903 624 939 Idem
652 902 711 939 ille
737 902 866 947 color,
892 900 924 937 si
950 900 1096 948 oritur,
1126 910 1327 950 postquam

224 986 291 1024 gaz
315 973 497 1015 chlorium
526 984 590 1022 per
612 971 834 1009 solutionem
861 970 1008 1009 ducitur
1024 998 1036 1017 ,
1066 970 1201 1008 indicat
1225 982 1330 1020 prae-

224 1044 377 1082 sentiam
400 1042 594 1080 Pittacalii.

274 1128 313 1162 4.
381 1113 575 1150 Brunneus
631 1112 736 1149 color
756 1138 768 1157 ‚
829 1122 937 1158 quem
997 1111 1292 1147 Creosotum
1313 1137 1327 1157 ,

224 1184 316 1222 aeris
350 1192 385 1221 et
419 1182 568 1220 luminis
597 1181 784 1219 contactui
816 1180 1055 1228 expositum,
1080 1179 1158 1217 fere
1184 1192 1328 1228 semper

223 1253 403 1300 assumit,
437 1251 612 1301 principii
653 1249 860 1300 oxydabilis
896 1250 1138 1298 praesentiam
1176 1250 1326 1290 indicat,

225 1324 340 1373 Quod
361 1322 454 1360 idem
478 1321 719 1371 cognoscitur
734 1350 745 1367 ‚
771 1321 952 1359 solvendo
968 1308 1006 1358 'C
1021 1329 1265 1359 reosotum
1288 1321 1327 1358 in

224 1407 347 1443 aqua,
380 1402 416 1430 et
452 1393 539 1431 huic
580 1391 761 1431 solutioni
795 1390 1002 1438 sulphatem
1032 1390 1212 1438 peroxydi
1240 1389 1328 1428 ferri

224 1464 394 1514 guttatim
431 1463 629 1512 injiciendo
647 1491 660 1510 ,
697 1462 795 1499 unde
826 1460 1163 1498 rubro-brunneum
1193 1459 1330 1507 praeci-

226 1536 380 1583 pitatum
408 1534 643 1582 producitur.
683 1532 910 1580 Nigrescens
935 1540 1023 1566 vero
1052 1528 1328 1576 praecipitatum

228 1604 400 1654 principii
433 1603 640 1651 oxydabilis
669 1601 908 1650 praesentiam
933 1598 1083 1638 indicat.

281 1685 318 1723 5.
372 1676 524 1712 Acetate
548 1672 717 1721 plumbi,
746 1672 986 1709 Creosoto
1014 1668 1195 1715 admixto,
1216 1668 1328 1716 idque

229 1745 413 1784 turbidum
443 1743 648 1789 efficiente,
674 1741 876 1790 praesentia
901 1738 1104 1777 ammoniae
1131 1737 1326 1778 indicatur.

714 1883 750 1930 §.
783 1893 841 1919 12.

375 2020 434 2058 Dc
460 2018 494 2057 C
506 2029 522 2055 r
531 2026 551 2056 e
561 2028 584 2055 0
597 2028 614 2055 s
626 2028 649 2054 o
660 2025 674 2054 t
686 2028 708 2054 o
736 2015 883 2054 Educto
907 2028 958 2053 an
984 2014 1180 2053 Producto.

281 2127 444 2176 Singulis
471 2127 571 2165 hisce
595 2124 780 2163 methodis
803 2123 982 2162 enarratis·
997 2131 1106 2171 atque
1131 2121 1329 2169 perlustra-

232 2199 280 2236 tis
295 2227 306 2244 ,
333 2204 469 2245 sponte
493 2195 610 2233 oritur
630 2196 820 2242 quaestio:
848 2194 947 2232 Num
967 2194 1252 2232 Creosotum
1278 2190 1327 2229 sit

234 2269 453 2318 productum
481 2277 525 2303 an
554 2276 640 2303 vero
667 2264 853 2301 eductum.

1258 2328 1330 2366 Mi-
