1487 2625
549 168 899 208 MEDICA.
1236 185 1283 222 39

165 272 197 311 si
213 272 355 321 integra
369 274 446 322 sit,
475 277 570 314 unde
581 261 870 325 absorptionem
897 279 1010 328 magis
1036 280 1133 317 lente
1155 281 1281 328 perlici

164 341 427 389 experimentis
468 353 646 393 constat,
694 356 729 385 et
776 348 914 386 lentius
952 350 1134 387 actionem
1174 363 1278 388 suam

159 411 293 450 exserit
336 423 534 453 venenum.
600 416 842 455 Documento
881 418 957 456 sint
997 419 1280 465 observationes

155 481 365 520 doctissimi
397 484 614 523 Schulzii
653 496 689 523 et
729 486 933 526 Orfilae.
1007 490 1073 528 Ille
1113 492 1279 539 quinque

152 553 441 592 communicavit
478 555 678 604 historias,
720 557 757 594 in
798 570 953 605 quarum
986 571 1057 597 una
1081 572 1183 598 mors
1217 573 1274 599 se-

154 622 351 671 quebatur.
405 625 448 663 In
482 625 563 664 aliis
601 626 772 673 duabus,
815 627 875 664 die
905 628 1054 667 demum
1090 640 1198 668 sexto
1226 631 1272 669 ab

147 690 321 742 insperso
342 693 550 742 Arsenico‚
573 704 679 733 atrox
701 696 889 735 oriebatur
908 699 1039 747 capitis
1058 701 1167 739 dolor
1180 701 1268 751 (1).

148 761 308 803 Orfila
353 775 445 802 vero
481 764 526 801 de
559 766 813 813 cephalalgia,
861 779 954 815 quae
993 779 1081 816 post
1118 771 1266 819 elapsos

148 832 295 871 demum
321 835 524 873 nonnullos
553 836 631 873 dies
654 847 803 885 aegrum
828 837 1035 886 afficiebat,
1061 841 1269 888 exemplum

144 903 318 951 praebuit
343 904 427 953 (α).

197 973 377 1021 Sequitur
401 974 531 1013 deinde
568 975 699 1022 capitis
739 984 864 1014 tumor
898 978 1119 1026 erysipelate
1146 981 1263 1018 veluti

141 1042 265 1081 affecti
287 1043 389 1093 (3),
427 1056 511 1082 cum
544 1045 741 1094 eruptione
774 1050 1039 1095 pustularum,
1069 1050 1261 1104 *imprimis

140 1113 180 1151 in
204 1113 330 1152 fronte
356 1123 394 1152 et
424 1114 591 1163 capillata
615 1115 749 1163 capitis
779 1127 908 1164 parte,
942 1130 1036 1164 quae
1060 1119 1096 1157 in
1127 1122 1267 1160 ulcera-

139 1183 278 1222 tionem
309 1186 413 1222 valde
453 1186 608 1233 amplam
644 1194 679 1223 et
715 1197 840 1224 crusta
865 1188 985 1226 tenaci
1006 1198 1138 1228 tectam
1168 1192 1266 1230 haud

138 1266 221 1293 raro
256 1255 393 1294 abeunt
418 1256 504 1306 (4).
570 1257 747 1294 Increscit
788 1258 972 1297 continuo
1013 1259 1260 1300 intolerabilis

135 1325 294 1373 capitis,
331 1324 436 1363 faciei
471 1326 801 1374 glandularumque
835 1330 922 1365 colli
956 1338 1111 1378 tumor3
1158 1332 1258 1368 oculi

133 1395 339 1433 scintillant
365 1396 687 1444 protuberantque
711 1407 747 1434 et
771 1398 1059 1436 inflammatione
1083 1401 1252 1447 quando-

135 1477 209 1514 que
247 1466 505 1514 corripiuntur
538 1466 620 1515 (5).
695 1468 820 1505 Facies
859 1470 1026 1507 colorem
1073 1472 1259 1509 contrahit

133 1536 316 1583 lividum,
351 1536 533 1575 interdum
566 1538 719 1575 maculis
754 1539 1068 1577 viridescenti‘bus
1104 1550 1140 1577 et
1170 1552 1257 1580 coe-

131 1606 244 1645 ruleis
272 1607 525 1646 intermixtum
556 1609 638 1657 (6).
680 1608 924 1656 Idiopathicis
955 1609 1056 1647 hisce
1082 1620 1254 1658 sympto-

130 1677 321 1724 mnibus,
364 1688 552 1716 consensu
584 1679 652 1715 alia
681 1680 950 1726 superveniunt
993 1680 1093 1718 haud
1129 1680 1252 1718 minus

130 1748 320 1787 terribilia.

1181 1820 1209 1857 F
1215 1832 1250 1857 e-

166 1912 215 1952 (1)
240 1910 292 1941 Cf.
313 1910 544 1950 Hufeland‚
573 1912 736 1944 Biblioth.
769 1913 805 1943 Β.
836 1913 933 1945 XVI.
961 1925 992 1952 p.
1021 1915 1075 1955 96.
1096 1925 1165 1954 seq·

165 1967 213 2007 (2)
238 1965 263 1995 l.
283 1975 312 1995 c·
337 1976 371 2004 p.
395 1965 468 2005 393.

145 2019 212 2061 (3)
237 2019 381 2050 Orfila
401 2019 485 2052 ibid.
503 2037 527 2047 -
559 2020 779 2058 WVepferus
799 2020 822 2050 l.
839 2031 902 2051 c.-
939 2020 1154 2050 Huse'land
1177 2022 1239 2053 1.l.

118 2084 152 2113 p.
167 2084 220 2115 97,
235 2074 288 2113 98.
308 2076 335 2112 §-
352 2083 424 2103 100.
466 2074 555 2105 Acta
581 2075 666 2104 Nat.
695 2075 826 2105 Curios.
854 2074 933 2103 Vol.
962 2074 1009 2104 11.
1037 2074 1234 2106 observ-10.

160 2127 212 2168 (4)
234 2127 326 2158 Acta
351 2128 434 2157 Nat.
463 2128 592 2157 Curios.
617 2126 697 2155 ibid.
719 2144 740 2151 -
788 2127 1005 2157 Hufeland
1027 2128 1050 2158 1,
1065 2139 1092 2157 c.
1119 2146 1137 2152 -
1167 2129 1244 2159 Or-

118 2180 196 2210 fila
221 2180 288 2211 Le.

162 2233 209 2276 (5)
235 2234 390 2266 Orfila.
416 2234 496 2264 ibid.

162 2289 209 2329 (6)
234 2288 456 2319 Hufeland.
485 2287 507 2317 Ι.
531 2298 556 2317 c.
587 2298 616 2327 p.
641 2288 691 2327 98.
