1487 2625
323 180 1042 230 COMMCHEMICA.
1191 205 1239 241 29

181 287 308 337 Quum
334 300 423 327 vero
453 292 667 340 magnitudo
699 303 882 343 guttarum
917 297 1063 338 inversa
1098 302 1147 353 sit
1179 312 1235 340 ra-

129 356 230 394 tione
256 358 531 408 multitudinis,
573 364 646 410 qua
676 363 850 412 impletur
886 366 1011 407 datum
1051 370 1234 418 spatium,

127 435 279 464 necesse
300 436 383 475 est,
412 438 479 476 ut,
516 434 622 479 guttai
649 444 765 482 aquae
789 435 847 473 his
873 438 1158 478 circumstantiis
1182 455 1236 480 =

131 505 246 540 1,000
271 500 417 546 sumta,
459 500 634 540 vulumen
674 513 796 551 guttae
824 507 1077 547 Creosoti
1111 509 1160 548 sit
1184 524 1237 550 =

126 567 268 614 o,383,
318 577 432 616 atque
470 570 583 619 igitur
617 571 693 611 fere
741 587 833 624 0,34
871 577 1074 617 voluminis
1109 588 1234 629 guttae

126 645 258 682 aquae.
284 658 340 668 --
388 639 736 682 Reichenbach
763 646 859 694 (ι),
888 648 1080 697 Miguet
1105 650 1174 700 (2)
1199 661 1236 690 et

125 705 186 743 alii
216 707 345 745 dicunt
372 710 672 751 Creosotum
702 713 908 765 refrangere
934 719 1056 757 lumen
1083 720 1236 760 insolita

124 776 293 825 ratione,
332 780 486 828 ejusque
522 782 672 821 luminis
699 784 935 835 dispergendi
961 788 1035 827 vim
1064 801 1237 839 superare

126 856 202 884 eam
229 848 427 888 Carbureti
453 852 678 901 sulphuris„
699 855 961 904 Experimenta
987 870 1079 898 vero
1105 872 1127 898 a
1153 861 1235 900 viro

124 916 213 955 clar.
241 918 402 967 Marx,
438 920 654 968 professore
691 923 955 965 Brunsvicensi
980 928 1048 978 (3)
1085 929 1235 969 institu-

129 993 192 1032 ta,
223 988 292 1034 eri,
321 990 395 1035 qua
424 989 542 1027 Biot
570 1001 605 1029 et
633 993 877 1046 Cauchoix
899 997 970 1046 (4)
996 999 1145 1048 solent,
1178 1011 1234 1038 ra-

125 1054 227 1098 tione
244 1083 257 1104 ,
281 1058 392 1095 aliurn
417 1069 589 1098 eventurn
615 1064 878 1112 protuleruntg,
910 1066 1081 1105 scilicet:

268 1144 500 1187 refractionis
526 1149 619 1186 ratio
646 1152 682 1187 n‘
707 1165 760 1189 =
787 1163 924 1204 1,5343

270 1215 478 1254 combinata
502 1230 585 1257 cum
613 1219 789 1267 prismate
814 1223 901 1261 vitri
929 1225 1206 1266 Crowniani

320 1285 451 1333 (cujUs
475 1287 570 1325 ratio
597 1287 828 1329 refractionis
852 1306 905 1330 =
933 1296 1095 1345 1,5190)

269 1353 511 1401 dispersionis
551 1358 644 1395 ratio
683 1359 717 1398 Z
743 1374 795 1398 =
820 1373 967 1412 0,5479
1004 1366 1085 1414 (vel
1111 1367 1156 1404 Z‘
1178 1381 1231 1408 =

326 1438 359 1474 Z
379 1427 478 1501 ni:
503 1455 554 1479 =
578 1443 786 1492 0,53225).

378 1478 400 1497 Π

170 1538 271 1577 Haec
308 1542 560 1593 proprietate,
599 1549 673 1595 qua
711 1551 854 1588 nullum
881 1551 981 1591 aliud
1007 1553 1080 1592 huc
1107 1565 1227 1603 usque

120 1608 309 1655 cognitum
322 1638 334 1657 ‚
359 1622 480 1660 neque
498 1615 657 1654 solidum
678 1628 800 1667 neque
815 1620 968 1660 fluidum
984 1650 997 1670 ,
1014 1635 1153 1673 corpus
1170 1634 1227 1663 est

938 1698 941 1699 ’
1073 1736 1076 1739 Δ
1170 1694 1229 1732 in-

161 1752 311 1793 (1)V1'd.
339 1755 788 1800 Schweigger—Seidcl
822 1764 949 1797 Jahrb:
976 1768 1035 1798 der
1071 1768 1222 1808 chemise,

117 1805 207 1837 1832.
240 1807 333 1839 Tom.
355 1809 416 1841 vI.
436 1821 469 1849 p.
484 1812 554 1844 508.
599 1815 689 1845 1833.
712 1815 808 1847 Tom.
833 1817 916 1849 VII.
935 1830 969 1858 p,
984 1820 1034 1850 25.

159 1858 205 1898 (2)
230 1858 307 1889 vid.
335 1861 373 1893 Ε.
395 1862 572 1904 Miguet,
606 1869 814 1900 Reclzerches
843 1871 945 1903 clzem.
969 1878 1003 1903 et
1027 1874 1109 1903 med.
1135 1874 1225 1905 Paris

114 1911 206 1942 1854.
226 1923 259 1951 p.
274 1914 324 1944 15.

158 1966 207 2006 (3)
231 1966 441 2006 Schmidt,
469 1971 588 2002 Jahrb.
617 1975 674 2004 der
702 1977 782 2006 Ian.
808 1988 840 2006 ιι.
867 1978 967 2010 Ausl.
987 1985 1127 2019 gesamt.
1146 1982 1222 2011 Me·-

114 2019 215 2050 dicia.
249 2020 339 2051 1855.
375 2022 435 2052 ΝΟ.
471 2023 500 2053 3.
533 2035 567 2063 p.
602 2026 672 2057 582.
738 2027 1218 2071 Schweigger·Se-idel‚

114 2073 240 2102 Zusiitz
260 2074 335 2104 iiber
354 2076 415 2105 das
436 2077 579 2108 Kreosot
591 2067 601 2116 ,ι
623 2081 658 2109 ia
683 2082 786 2112 Cheru..
810 2083 916 2124 Phys.
930 2086 998 2114 und
1008 2086 1128 2120 Medic.
1143 2090 1220 2117 Bez-

111 2123 149 2153 δε
171 2125 260 2160 Hest.
282 2137 315 2166 p.
337 2128 409 2159 453.
432 2129 464 2158 in
484 2140 598 2169 opere:
622 2134 697 2164 Das
718 2136 866 2166 Kreosot
884 2146 946 2169 von
962 2138 1002 2168 K.
1016 2139 1220 2170 heiehen..

114 2177 214 2209 bach
228 2201 236 2216 ,
262 2180 375 2220 Leipz.
393 2183 481 2214 1835.

153 2232 202 2272 (4)
230 2234 302 2265 vid.
326 2236 355 2266 J.
380 2236 413 2265 B·
440 2237 552 2274 Biot,
590 2241 707 2271 Traite'
727 2242 765 2272 de
782 2243 882 2284 phys·
906 2246 1062 2286 experim.
1086 2253 1119 2277 et
1144 2258 1218 2278 mu—

111 2283 334 2326 !)1<·711:t‡tiqu<:,
360 2290 449 2320 18:6.
471 2289 564 2324 Tum.
584 2292 655 2328 Jll.
676 2304 707 2333 p.
731 2305 801 2327 2²0·
