1487 2625
216 213 260 263 38
433 201 1099 245 COMMENTATIO

215 327 374 365 quorum
423 313 622 361 particulae
674 312 853 359 quaedam
900 310 944 348 ad
979 321 1118 358 corpus
1153 318 1323 351 nostrum

213 384 464 424 defluxerunt.
517 381 578 419 Sic
608 392 645 419 v.
663 392 698 418 c.
725 380 761 418 in
786 379 896 417 nobis
918 379 1098 417 habemus
1129 379 1325 426 particulas

212 465 373 494 terrenas
408 461 445 491 et
479 451 672 489 humidas:
711 458 805 487 terra
824 459 942 486 autem
971 458 1006 486 et
1029 449 1163 486 humor
1186 460 1261 486 non
1288 448 1325 486 in

211 524 323 564 nobis
351 522 442 560 solis
469 521 630 566 adsunt,
669 520 734 557 sed
768 528 867 557 extra
894 530 965 556 nos
995 519 1171 556 immensa
1198 530 1324 558 eorum

211 595 268 632 vis
296 594 423 639 adest,
466 593 574 641 cujus
614 592 813 639 particulae
842 589 991 637 corpori
1028 598 1160 627 nostro
1190 589 1328 628 inditae

210 673 314 701 sunt.
383 664 525 701 Eodem
562 662 697 707 modo,
742 672 857 708 quum
893 671 962 697 nos
994 659 1137 697 ratione
1171 659 1328 707 praediti

210 733 356 780 simus,
400 731 636 770 statuendum
662 738 743 776 est,
786 729 964 766 rationem
990 739 1067 766 non
1094 727 1207 766 nobis
1233 728 1327 767 solis

208 798 360 843 inesse,
398 797 465 834 sed
501 804 601 833 extra
638 805 709 832 nos
737 805 889 841 quoque
915 793 1092 831 exsistere
1118 793 1325 840 rationem,

208 876 244 910 et
283 867 429 914 quidem
467 863 597 915 majori
633 864 737 902 etiam
763 891 775 909 ‚
820 875 929 910 quam
971 874 1038 910 ea,
1087 874 1180 910 quae
1217 863 1327 902 nobis

206 937 330 982 inest,
359 937 395 974 vi
420 936 649 984 pollentem,
676 935 785 983 cujus
811 933 992 981 particula
1015 933 1125 971 nobis
1159 934 1208 971 sit
1226 934 1323 973 data.

207 1005 310 1042 Haec
346 1005 460 1053 igitur
491 1013 547 1042 est
575 1016 677 1042 mens
704 1003 829 1041 divina
846 1032 859 1051 ‚
899 1015 920 1041 a
946 1015 1017 1052 qua
1045 1004 1243 1053 repetenda
1269 1013 1327 1042 est

208 1075 374 1113 omnium
424 1075 567 1112 illarum
622 1085 742 1111 rerum
796 1084 949 1111 numero
997 1083 1033 1111 et
1081 1074 1324 1125 amplitudine

206 1144 433 1182 infinitarum
475 1144 623 1190 sapiens
665 1143 882 1191 dispositio.

256 1213 382 1261 Hujus
416 1213 621 1260 argumenti
662 1213 736 1250 vim
773 1213 1036 1261 persentiens,
1072 1213 1322 1251 Aristode-

206 1293 303 1319 mus
355 1282 407 1319 nil
445 1291 574 1318 contra
611 1282 647 1318 id
678 1283 884 1330 obmovet3
922 1284 988 1320 sed
1008 1283 1210 1330 sapientem
1237 1284 1321 1322 uni-

205 1351 301 1388 versi
348 1360 536 1388 auctorem
586 1363 668 1388 esse
729 1360 863 1399 negat,
922 1352 1007 1399 quia
1055 1353 1196 1391 scilicet
1242 1364 1321 1392 non

203 1421 325 1459 videat
357 1421 477 1458 oculis
515 1421 595 1459 suis
635 1432 822 1459 auctorem
861 1421 992 1468 illum,
1047 1433 1161 1470 quum
1197 1431 1319 1461 tamen

203 1491 370 1528 omnium
407 1502 555 1536 rerum,
592 1490 637 1528 ab
668 1484 885 1528 hominibus·
912 1491 1118 1538 factarum,
1157 1491 1319 1530 artifices

201 1561 497 1608 conspiciantur.
527 1562 613 1599 I-Ioc
640 1571 761 1598 autem
789 1572 862 1598 non
889 1561 1085 1608 impedire,
1116 1563 1318 1608 quominus

200 1632 304 1668 Deos
331 1643 413 1669 esse
442 1632 591 1678 credat,
632 1632 854 1669 Socrates
893 1630 1171 1678 simplicissimo
1203 1633 1317 1670 modo

200 1700 377 1739 ostendit.
410 1701 575 1748 „Ipsum
604 1700 709 1737 etiam
736 1700 895 1737 animum
921 1700 1073 1746 tuum‚’'
1100 1702 1177 1749 ait,
1209 1729 1233 1750 ,‚
1251 1702 1317 1750 qui

203 1768 354 1816 „intus
395 1781 534 1817 corpus
569 1770 690 1817 regit‚
743 1780 819 1806 non
875 1770 1094 1817 conspicis:
1148 1772 1318 1823 adeoque

203 1865 226 1882 ‚,
253 1839 381 1875 eodem
428 1839 513 1887 jure
551 1839 770 1876 concludere
807 1834 914 1876 liceat
937 1867 950 1885 ‚
1000 1850 1035 1877 te
1072 1852 1159 1879 casu
1186 1870 1198 1889 ‚
1238 1853 1315 1880 non

202 1935 227 1953 „
255 1909 425 1955 prudenti
450 1909 633 1954 consilio,
663 1909 699 1946 in
726 1909 902 1948 omnibus
922 1910 1034 1957 duci,
1065 1912 1168 1959 quod
1194 1921 1315 1951 tamen

200 2004 224 2024 2,
251 1988 327 2013 non
352 1978 401 2015 ita
427 1989 466 2015 se
495 1979 627 2015 habere
650 1979 812 2016 sentis?
846 1981 952 2029 *Etsi
990 1981 1103 2028 igitur
1123 1993 1200 2019 non
1224 1994 1314 2020 con-

195 2047 399 2094 spiciatur,
424 2056 550 2094 potest
579 2060 659 2085 esse
686 2049 810 2086 divina
830 2059 981 2097 natura,
1009 2053 1173 2089 omnium
1189 2063 1310 2090 rerum

195 2125 338 2160 auctor.

247 2187 467 2223 Socrates
496 2185 633 2233 igitur,
663 2196 703 2224 tit
723 2188 823 2225 Deos
840 2191 1131 2238 esseprobaret,
1159 2189 1309 2227 duobus

193 2255 417 2301 argumentis
442 2266 531 2294 usus
557 2267 627 2301 est.
683 2258 846 2295 Primum
874 2259 1022 2306 quidem
1050 2268 1087 2296 et
1110 2259 1308 2308 praecipue

1247 2340 1308 2366 ex-
