1487 2625
181 188 228 225 88
404 181 1061 224 c-OMMENTATIO

183 302 289 332 enter
303 293 405 331 Deus
428 291 551 329 omnia
570 300 649 339 agat
662 289 746 338 (1).
776 290 872 328 Idem
893 302 937 328 ex
958 301 1001 327 eo
1017 290 1283 337 concludebat,

186 361 289 410 quod
322 372 390 399 nos
423 361 590 398 homines
626 367 776 398 naturae
809 359 924 396 simus
953 359 1170 398 rationales:
1200 370 1284 397 nam

185 429 360 468 rationem
394 429 603 476 accepimus
637 440 681 466 ex
703 439 843 466 summa
869 429 1020 475 quadam
1048 437 1174 466 natura
1198 429 1284 466 rati·

185 498 284 537 onali
321 497 418 546 (2);
463 497 559 536 unde
598 505 697 545 patet
735 498 804 534 hoc
844 498 964 545 ipsum
980 525 993 544 ,
1042 498 1280 536 Socratem

183 568 302 607 Deum
332 566 404 604 sibi
430 577 664 615 proponere,
698 574 739 603 ut
759 567 824 613 qui
849 567 898 604 sit
919 576 1047 605 natura
1071 567 1256 604 rationalis
1273 595 1286 614 ‚

183 646 315 683 genere
340 635 480 673 homini
506 635 663 683 similis,
689 635 759 673 etsi
789 637 903 684 gradu
931 637 1118 685 superior.
1169 636 1287 674 Ratio

182 713 305 743 autem
340 704 440 743 aliud
468 705 542 754 J‘atn
582 717 602 743 a
638 705 834 743 Socrate
870 707 1050 753 habetur,
1098 718 1204 754 quarn
1231 708 1287 745 vis

182 775 341 813 vitalis:
364 775 506 822 antiqui
533 775 749 824 philosophi
773 777 952 813 rationem
978 780 1093 815 avita
1116 787 1191 814 non
1214 776 1289 815 dis-

183 842 390 889 tinxerant,
430 854 512 880 uam
546 844 718 881 omnibus
760 845 900 882 naturis
940 845 1013 883 vita
1044 846 1288 893 gaudentibus

181 911 333 950 eandem
356 911 558 958 rationem,
586 913 726 950 scilicet
744 912 928 961 divinam,
952 926 1181 952 communem
1207 927 1288 952 esse

181 979 370 1027 dixerant,
409 980 482 1018 imo
516 982 652 1029 plantis
685 982 820 1030 etiam,
870 984 907 1020 in
947 984 1082 1031 quibus
1113 985 1166 1022 iui
1194 984 1290 1022 vitae

183 1048 317 1087 indicia
352 1050 529 1088 nonnulla
554 1050 823 1100 observabant3
859 1054 955 1090 unde
984 1054 1288 1102 Pythagoraei

181 1119 391 1165 docebant,
430 1120 573 1157 animos
621 1120 800 1158 humanos
836 1122 873 1158 in
901 1123 1107 1160 animalium
1133 1135 1290 1172 corpora

183 1186 363 1235 migrare,
411 1198 447 1226 et
480 1189 609 1226 iterum
645 1189 681 1226 in
714 1201 872 1237 corpora
910 1191 1065 1229 humana
1103 1192 1288 1230 invadere.

183 1256 408 1295 Socrates
446 1269 534 1296 vero
570 1258 706 1296 diserte
735 1268 869 1308 negat,
895 1261 1071 1297 rationem
1099 1271 1119 1297 e
1145 1261 1291 1298 materia

181 1334 323 1363 terrena
339 1353 351 1372 ‚
378 1337 421 1363 ex
445 1328 706 1365 elementorum
727 1330 852 1376 aliquo
877 1329 1058 1367 horumve
1082 1331 1290 1378 conjuncti-

182 1406 277 1442 one,
306 1395 394 1432 oriri
417 1396 609 1444 potuisse3
635 1406 669 1433 et
694 1398 780 1435 dicit
798 1426 809 1444 ‚
834 1399 923 1435 solis
942 1400 1154 1437 hominibus
1168 1401 1287 1438 Deum

181 1463 358 1501 rationem
393 1464 605 1513 praebuisse
646 1466 728 1514 (3).
793 1468 861 1505 Vis
886 1478 1004 1506 autem
1033 1469 1184 1507 rationis
1210 1480 1288 1508 non

181 1533 336 1580 ponitur
358 1545 378 1570 a
407 1535 608 1572 Socrate
646 1536 682 1572 in
706 1547 775 1583 eo,
813 1537 849 1574 in
877 1549 952 1584 quo
980 1540 1142 1585 positum
1172 1537 1289 1577 fuerat

177 1605 403 1655 principium
431 1607 597 1653 cogitans
633 1606 677 1642 ab
720 1606 993 1653 antiquioribus
1025 1607 1289 1656 philosophis,

181 1683 313 1719 nempe
339 1681 380 1709 ut
399 1675 588 1723 afficiatur
611 1677 780 1712 animans
801 1676 905 1713 rebus
925 1679 1086 1715 externis
1105 1690 1186 1715 cum
1204 1691 1286 1716 con-

180 1742 334 1780 scientia
355 1743 447 1790 (4),
473 1743 534 1780 sed
558 1743 594 1779 in
619 1755 661 1780 eo
678 1772 690 1790 ,
730 1753 770 1781 ut
808 1746 919 1783 utilia
950 1758 975 1784 a
1005 1749 1125 1785 noxiis
1144 1746 1290 1797 dignos-

1197 1826 1284 1863 cat,

224 1942 272 1980 (ι)
297 1941 349 1971 Cf.
370 1951 451 1981 quae
472 1942 612 1974 diximus
634 1954 727 1983 supra
748 1944 787 1974 de
810 1951 1003 1986 argumento
1028 1947 1248 1989 Teleologico.

222 2002 270 2040 (2)
294 2002 392 2033 Mem.
416 2000 444 2031 Ι.
467 2012 495 2032 c.
516 2003 548 2033 4.
577 2006 608 2044 §0
630 2004 660 2034 8.

221 2057 270 2100 (5)
293 2061 390 2093 Mem.
410 2059 437 2090 1.
453 2072 480 2090 c.
494 2062 524 2091 4.
540 2064 572 2102 §.
586 2063 627 2099 8,
645 2063 700 2099 ιδ,
722 2062 773 2094 ι4.
804 2061 864 2093 IV.
880 2074 908 2093 c.
922 2064 951 2094 5.
965 2062 992 2103 §.
1010 2073 1057 2094 11.
1079 2074 1107 2093 e.
1122 2063 1153 2092 5.
1170 2067 1202 2105 §-
1219 2074 1267 2096 ιι.

221 2119 269 2157 (4)
294 2118 344 2149 Cf.
373 2119 638 2151 Tennemann
667 2121 688 2150 Ι.
710 2121 732 2150 l.
765 2121 858 2152 Tom.
887 2123 915 2151 1.
942 2133 974 2161 p.
996 2122 1075 2160 265,
1102 2122 1180 2160 3555
1212 2122 1286 2153 hine

176 2173 258 2203 illud
280 2175 555 2215 philosopho-*um
571 2177 786 2217 physicorum
808 2179 961 2216 placitum
986 2181 1061 2218 τοῖς
1089 2179 1210 2222 ὁμοίοις
1240 2184 1286 2215 τὰ

178 2231 274 2275 ὅμοιοι
298 2230 533 2274 γινώσκεσθαι,
558 2233 579 2264 l.
595 2234 615 2263 Ι.
630 2245 661 2275 p.
678 2234 746 2265 305.
760 2246 833 2279 sqq,
