1487 2625
502 172 846 210 MEDICA.
1170 186 1237 220 137

133 280 333 331 superstite
356 281 543 329 Sulphure
556 307 569 327 ,
583 292 653 318 una
678 292 760 318 cum
777 281 998 329 sulphureto
1014 290 1117 319 antea
1133 293 1236 330 prae-

128 352 298 401 cipitato.
363 351 627 398 Sulphuretum
654 359 821 388 nostrum
844 350 1012 397 tandem,
1039 353 1237 390 Ammonia

129 433 197 471 per
220 422 362 460 acidum
389 420 711 469 hydrochloricum
744 422 930 468 saturata,
966 420 1170 468 acquiritur
1187 430 1242 459 at-

134 503 209 541 que
242 491 461 530 exsiccatur.
513 491 679 541 Quanam
704 499 826 529 tamen
858 491 1000 529 ratione
1020 503 1065 529 ex
1085 492 1242 540 sulphu-

124 570 212 600 vreto
238 561 360 610 ipsum
388 561 603 600 restituatur
628 562 813 599 metallum
829 572 931 609 ‚non
957 561 1132 600 indicavit
1157 573 1244 600 auc-

130 641 193 670 tor
216 633 300 678 (1).
326 661 328 665 f

184 706 242 750 7⁰.
272 703 305 740 C
320 713 414 751 oop
429 713 476 739 er
501 700 773 749 simplicissima
788 700 930 739 ratione
952 701 1174 740 Arsenicum
1198 714 1243 741 ex

132 771 352 810 substantiis
379 771 563 819 organicis
597 771 793 810 restituere
827 771 996 811 tentavit.

183 841 342 881 Materia
378 842 574 890 organica,
606 841 644 880 in
674 851 917 891 temperatura
967 848 1057 881 1000
1079 843 1124 881 F.
1163 853 1243 881 non

130 912 299 960 minore,
353 913 559 950 exsiccetur
595 920 707 959 atque
750 924 833 950 cum
881 912 1022 951 decima
1068 913 1243 961 ponderis

131 991 235 1032 parte
262 982 433 1021 carbonis
457 984 515 1020 vel
536 982 609 1020 olei
633 983 845 1021 misceatur.
888 983 950 1021 Ad
976 983 1242 1021 restituendum

132 1053 320 1090 metallum
347 1051 465 1091 tubus
486 1051 642 1090 inservit
663 1051 709 1089 ab
732 1062 803 1090 una
826 1062 928 1100 parte
947 1054 1095 1091 clausus
1121 1062 1156 1091 et
1180 1065 1246 1091 cu-

128 1123 190 1172 Jus
218 1123 394 1161 diameter
432 1122 648 1169 dimidium,
687 1123 796 1171 cujus
829 1131 949 1160 autem
989 1123 1185 1171 longitudo
1224 1135 1243 1160 a

133 1204 198 1230 sex
221 1193 267 1230 ad
291 1204 426 1231 novem
449 1192 605 1241 pollices
628 1200 775 1240 aequat.
829 1192 1034 1240 Repleatur
1069 1193 1131 1231 ille
1156 1205 1240 1231 cum

134 1261 316 1309 mixtura,
340 1263 452 1300 modo
475 1264 571 1301 dicta
598 1263 740 1301 ratione
776 1262 968 1310 confecta,
996 1263 1129 1302 subere
1158 1264 1247 1302 levi-

132 1340 189 1370 ter
220 1333 410 1371 claudatur
438 1342 550 1380 atque
586 1333 750 1371 flammae
777 1343 1001 1381 exponatur.
1055 1334 1145 1383 Quo
1171 1334 1249 1372 fac·

134 1412 174 1440 to
189 1403 435 1450 ,Arsenicum
463 1403 501 1440 in
528 1402 656 1451 figuris
682 1402 964 1451 splendentibus
980 1403 1139 1441 sublime
1163 1415 1246 1442 eva-

132 1474 234 1512 deret
261 1474 345 1522 (2).

183 1543 304 1582 Facile
339 1554 459 1582 tamen
500 1545 586 1593 quis
628 1544 831 1594 intelligat,
860 1544 1040 1593 insignem
1076 1543 1247 1582 materiae

134 1613 325 1662 organicae
355 1615 522 1653 nondum
555 1625 714 1653 remotae
748 1615 893 1664 copiam
925 1614 1128 1663 impedite,
1170 1626 1246 1663 quo

136 1683 257 1722 minus
291 1696 398 1732 parca
419 1685 586 1723 Arsenici
616 1685 829 1733 quantitas,
853 1686 959 1734 Juxta
987 1685 1082 1737 hanc·
1103 1686 1247 1723 metho-

135 1754 223 1792 dum
256 1763 416 1792 ceterum
447 1755 782 1803 simplicissimam,
818 1756 1023 1804 detegatur.

188 1821 249 1863 8⁹.
275 1824 480 1873 Philips
517 1825 761 1863 substantiam
800 1824 1008 1874 organicam
1049 1836 1134 1863 cum
1169 1836 1247 1862 car-

135 1894 234 1933 bone
269 1894 509 1933 ebulliendam
549 1895 700 1933 indicat.
779 1895 961 1943 Liquoris
998 1896 1124 1933 colore
1162 1897 1248 1933 des-

135 1972 285 2012 tructo,
304 1964 417 2002 carbo
443 1965 640 2013 colligatur
667 1973 780 2013 atque
802 1966 937 2004 calons
963 1978 1037 2015 ope
1058 1968 1244 2005 metallum

1207 2049 1252 2077 CX

177 2140 231 2176 (1)
253 2135 275 2168 l.
294 2147 323 2167 c.
346 2147 379 2176 p.
399 2136 471 2168 412.
492 2146 561 2177 seq.

180 2191 228 2231 (2)
253 2191 390 2230 Froriep
407 2213 416 2228 ‚
440 2191 462 2221 Ι.
485 2201 514 2220 c.
537 2191 626 2222 1822.
648 2191 708 2222 Bd.
728 2192 775 2222 11.
796 2203 830 2232 p.
851 2193 923 2234 267.
944 2204 1011 2234 seq.
1048 2194 1246 2227 Hecker’s

141 2246 286 2284 Annal.‚
310 2246 400 2277 1851.
424 2245 483 2279 Bd.
507 2245 607 2278 XXI.
628 2257 663 2287 p.
686 2247 757 2279 402.
