1487 2625
220 212 265 260 58
435 208 1091 250 COMMENTATIO

215 318 480 358 defendendum
505 317 718 366 conscripto
734 345 746 364 ‚
775 318 956 356 rarissime
980 319 1200 358 mentionem
1215 318 1319 358 facit.

215 389 276 427 Ab
303 389 408 427 initi0
433 390 501 438 (1)
534 389 726 426 ostendere
753 390 914 433 studet,
956 389 1207 426 Socratem
1224 417 1236 435 ,
1276 391 1322 427 de

208 461 315 509 genio
341 470 411 496 suo
434 460 646 505 loquentem
663 487 675 503 ,
704 459 795 494 nihii
823 458 909 494 novi
941 458 1197 494 introducere:
1238 470 1320 496 nam

216 529 406 577 reliquos,
436 540 548 576 quum
573 529 718 574 dicant,
743 539 784 565 se
805 530 926 565 avium
955 529 1107 573 volatu,
1135 527 1322 567 ominibus

215 607 252 635 et
275 597 441 635 fortuitis
466 597 656 636 hominum
689 597 909 649 occursibus
944 596 1155 643 admoneri,
1192 597 1325 636 existi·

215 678 312 704 mare
334 676 478 714 tamen,
505 678 581 705 non
606 667 694 705 haec
713 667 793 715 ipsa
819 667 923 714 signa
948 678 1052 713 esse,
1082 678 1176 714 quae
1198 667 1325 708 admo-

215 744 352 783 neant,
389 736 454 774 sed
487 738 618 784 Deos,
657 737 722 785 qui
754 736 856 775 hisce
888 736 1004 785 signis
1030 745 1210 785 utantur;
1248 737 1326 775 So·

215 814 393 844 cratem
418 816 538 845 autem
559 834 572 853 ‚
601 818 716 854 quum
747 806 841 844 idem
866 807 937 844 hoc
963 806 1214 852 existimaret,
1241 816 1325 845 sen-

213 875 347 914 tentiae
371 887 459 915 suae
481 876 742 915 convenienter
770 877 938 914 locutum
967 888 1120 924 quoque
1141 887 1222 914 esse
1237 903 1250 923 ‚
1289 884 1326 913 et

215 949 336 988 dicere
371 950 520 988 solitum
539 978 552 997 ‚
593 950 633 988 τὸ
664 948 834 995 δαιμόνιον
873 961 913 986 se
945 952 1154 987 admonere.
1219 948 1325 998 Quae

215 1030 305 1057 vero
343 1019 464 1057 minus
505 1031 550 1057 ex
591 1030 680 1057 vero
706 1019 801 1056 dicta
825 1030 934 1066 esse,
970 1030 1078 1066 quam
1103 1018 1254 1067 potius,
1283 1026 1326 1055 ut

215 1089 427 1138 magistrum
462 1089 641 1127 novitatis
670 1089 824 1126 crimine
848 1088 1044 1135 liberaret,
1084 1089 1246 1137 quisque
1268 1088 1326 1125 vi-

215 1160 302 1199 det:
327 1159 358 1197 si
380 1159 475 1197 enim
499 1160 586 1197 haec
615 1158 744 1196 stricte
770 1170 841 1206 pro
866 1159 963 1196 veris
989 1158 1200 1205 habentur,
1237 1157 1324 1195 dae-

216 1231 374 1267 monium
399 1229 516 1275 illud,
553 1229 597 1266 de
630 1239 706 1276 quo
742 1228 972 1266 Socrates
999 1227 1086 1264 alibi
1110 1237 1179 1264 tam
1205 1228 1325 1275 gravi·

217 1307 273 1336 ter
324 1306 472 1346 tamque
521 1309 629 1345 saepe
675 1297 869 1345 loquitur,
918 1296 1011 1334 nihil
1048 1297 1146 1335 aliud
1187 1295 1324 1334 fuisset

216 1367 453 1412 habendum,
513 1379 621 1414 quam
670 1367 812 1404 insueta
861 1366 1003 1404 dicendi
1043 1366 1163 1413 ratio,
1225 1379 1324 1414 qua,

216 1449 333 1485 quum
381 1436 516 1484 reliqui
566 1436 685 1474 media
720 1437 769 1473 ob
817 1437 947 1474 oculos
993 1436 1194 1484 haberent,
1245 1438 1325 1475 So-

215 1516 384 1545 crates
421 1507 467 1544 ad
509 1507 628 1554 ipsum
668 1516 879 1551 auctorem,
924 1508 1074 1554 Deum,
1109 1505 1335 1555 respicerets

217 1578 321 1616 Alibi
348 1588 422 1615 uno
448 1586 588 1614 tantum
611 1577 694 1614 loco
720 1577 765 1614 de
791 1578 854 1614 hac
880 1588 918 1613 re
939 1576 1129 1624 loquitur,
1159 1577 1321 1615 Memor.

215 1647 304 1685 Lib.
341 1647 410 1685 IV.
447 1658 482 1684 c.
512 1649 530 1684 8
548 1675 561 1694 ‚
602 1644 666 1682 ubi
691 1645 848 1683 habetur
871 1644 1099 1691 admoniti0‚
1140 1656 1206 1693 per
1231 1646 1323 1684 illud

215 1719 387 1767 δαιμόνιον
413 1717 509 1754 data.
565 1716 669 1753 Hanc
708 1707 895 1763 paulisper
930 1716 1245 1763 contemplemur,
1285 1725 1325 1753 ut

218 1787 305 1826 inde
341 1786 565 1833 efficiamus,
604 1786 777 1833 quidnam
815 1784 923 1823 fuerit
955 1785 1120 1824 divinum
1144 1785 1264 1831 illud,
1304 1797 1325 1822 a

217 1856 328 1895 variis
368 1856 466 1894 varie
498 1855 745 1904 explicatum,
789 1855 834 1892 ab
859 1855 940 1892 aliis
964 1863 1213 1903 comparatum
1238 1866 1322 1893 cum

217 1927 365 1978 Spiritu
403 1927 568 1973 Sancto,
612 1936 687 1973 quo
724 1925 864 1975 Jesus
901 1925 1129 1963 Christus
1168 1924 1326 1962 duceba-

218 2006 308 2044 tur,
335 1997 380 2035 ab
407 1996 488 2035 aliis
511 2007 578 2044 pro
607 1995 759 2033 Diaboli
781 1995 966 2044 afflatione
992 1994 1171 2032 habitum.
1217 1993 1325 2032 Her-

220 2077 471 2114 mogenes,
499 2065 719 2104 Socratis
745 2066 913 2111 amicus,
941 2076 1056 2112 quum
1081 2064 1229 2112 ipsum,
1251 2064 1324 2111 jam

219 2148 239 2175 a
267 2137 440 2175 Melito
468 2144 703 2181 accusatum,
740 2134 786 2171 de
809 2134 983 2172 omnibus
1008 2133 1087 2171 aliis
1112 2133 1324 2181 loquentem

1262 2213 1326 2239 au-

263 2291 311 2333 (ι)
347 2291 399 2322 Cf.
422 2289 690 2323 Memorabilium
712 2288 741 2319 Ι.
764 2299 791 2318 c.
814 2297 839 2317 1.
863 2287 890 2323 S.
913 2285 982 2316 3-5.
