<?xml version="1.0" encoding="UTF-8"?>
<!DOCTYPE html PUBLIC "-//W3C//DTD XHTML 1.0 Transitional//EN"
    "http://www.w3.org/TR/xhtml1/DTD/xhtml1-transitional.dtd">
<html xmlns="http://www.w3.org/1999/xhtml" xml:lang="en" lang="en">
 <head>
  <title>
</title>
<meta http-equiv="Content-Type" content="text/html;charset=utf-8" />
  <meta name='ocr-system' content='tesseract 3.04.00' />
  <meta name='ocr-capabilities' content='ocr_page ocr_carea ocr_par ocr_line ocrx_word'/>
</head>
<body>
  <div class='ocr_page' id='page_1' title='image "annalesacademiae35rhen_0072.png"; bbox 0 0 1487 2625; ppageno 0'>
   <div class='ocr_carea' id='block_1_1' title="bbox 235 139 1104 186">
    <p class='ocr_par' dir='ltr' id='par_1_1' title="bbox 235 139 1104 186">
     <span class='ocr_line' id='line_1_1' title="bbox 235 139 1104 186; baseline -0.001 -1"><span class='ocrx_word' id='word_1_1' title='bbox 235 144 294 185; x_wconf 71' lang='lat'>28</span> <span class='ocrx_word' id='word_1_2' title='bbox 480 141 615 185; x_wconf 84' lang='lat' dir='ltr'><strong>ADR.</strong></span> <span class='ocrx_word' id='word_1_3' title='bbox 647 139 812 184; x_wconf 80' lang='lat' dir='ltr'><strong>CATH.</strong></span> <span class='ocrx_word' id='word_1_4' title='bbox 849 139 1104 186; x_wconf 80' lang='lat' dir='ltr'>HOLTlus</span> 
     </span>
    </p>
   </div>
   <div class='ocr_carea' id='block_1_2' title="bbox 227 274 1372 2247">
    <p class='ocr_par' dir='ltr' id='par_1_2' title="bbox 227 274 1372 2247">
     <span class='ocr_line' id='line_1_2' title="bbox 240 274 1372 334; baseline 0.001 -15"><span class='ocrx_word' id='word_1_5' title='bbox 240 276 416 328; x_wconf 84' lang='lat' dir='ltr'>faciant,</span> <span class='ocrx_word' id='word_1_6' title='bbox 453 283 578 332; x_wconf 88' lang='lat' dir='ltr'>utque</span> <span class='ocrx_word' id='word_1_7' title='bbox 606 287 685 334; x_wconf 84' lang='lat' dir='ltr'>pro·</span> <span class='ocrx_word' id='word_1_8' title='bbox 712 275 874 319; x_wconf 86' lang='lat' dir='ltr'>Manliis</span> <span class='ocrx_word' id='word_1_9' title='bbox 901 282 940 319; x_wconf 89' lang='lat' dir='ltr'>et</span> <span class='ocrx_word' id='word_1_10' title='bbox 969 274 1150 319; x_wconf 83' lang='lat' dir='ltr'>Camillis</span> <span class='ocrx_word' id='word_1_11' title='bbox 1177 289 1342 320; x_wconf 88' lang='lat' dir='ltr'>anseres</span> <span class='ocrx_word' id='word_1_12' title='bbox 1367 285 1372 290; x_wconf 95' lang='grc'><em>“</em></span> 
     </span>
     <span class='ocr_line' id='line_1_3' title="bbox 240 351 1341 411; baseline -0.001 -15"><span class='ocrx_word' id='word_1_13' title='bbox 240 353 281 396; x_wconf 88' lang='lat' dir='ltr'>in</span> <span class='ocrx_word' id='word_1_14' title='bbox 314 351 519 411; x_wconf 83' lang='lat' dir='ltr'>Capitolio</span> <span class='ocrx_word' id='word_1_15' title='bbox 549 366 723 409; x_wconf 82' lang='lat' dir='ltr'>regnare</span> <span class='ocrx_word' id='word_1_16' title='bbox 758 351 983 394; x_wconf 83' lang='lat' dir='ltr'>videantur.</span> <span class='ocrx_word' id='word_1_17' title='bbox 1054 351 1165 396; x_wconf 87' lang='lat' dir='ltr'>Haec</span> <span class='ocrx_word' id='word_1_18' title='bbox 1207 352 1341 397; x_wconf 88' lang='lat' dir='ltr'>tristia</span> 
     </span>
     <span class='ocr_line' id='line_1_4' title="bbox 236 427 1340 484; baseline 0.001 -12"><span class='ocrx_word' id='word_1_19' title='bbox 236 428 582 472; x_wconf 72' lang='lat' dir='ltr'>celebratissimae</span> <span class='ocrx_word' id='word_1_20' title='bbox 621 442 808 484; x_wconf 88' lang='lat' dir='ltr'>quaeque</span> <span class='ocrx_word' id='word_1_21' title='bbox 847 427 890 469; x_wconf 92' lang='lat' dir='ltr'>in</span> <span class='ocrx_word' id='word_1_22' title='bbox 937 428 1068 471; x_wconf 88' lang='lat' dir='ltr'>vicina</span> <span class='ocrx_word' id='word_1_23' title='bbox 1117 429 1340 473; x_wconf 87' lang='lat' dir='ltr'>Germania</span> 
     </span>
     <span class='ocr_line' id='line_1_5' title="bbox 236 503 1338 562; baseline 0 -14"><span class='ocrx_word' id='word_1_24' title='bbox 236 503 536 549; x_wconf 86' lang='lat' dir='ltr'>Universitates</span> <span class='ocrx_word' id='word_1_25' title='bbox 581 510 774 562; x_wconf 78' lang='lat' dir='ltr'>expertae</span> <span class='ocrx_word' id='word_1_26' title='bbox 810 509 917 546; x_wconf 83' lang='lat' dir='ltr'>sunt.</span> <span class='ocrx_word' id='word_1_27' title='bbox 992 503 1172 560; x_wconf 72' lang='lat' dir='ltr'>Major-es</span> <span class='ocrx_word' id='word_1_28' title='bbox 1203 511 1338 548; x_wconf 81' lang='lat' dir='ltr'>autem</span> 
     </span>
     <span class='ocr_line' id='line_1_6' title="bbox 235 579 1338 634; baseline 0.003 -11"><span class='ocrx_word' id='word_1_29' title='bbox 235 581 393 633; x_wconf 77' lang='lat' dir='ltr'>nostri,</span> <span class='ocrx_word' id='word_1_30' title='bbox 429 581 610 624; x_wconf 83' lang='lat' dir='ltr'>Batavae</span> <span class='ocrx_word' id='word_1_31' title='bbox 636 579 883 623; x_wconf 83' lang='lat' dir='ltr'>Academiae</span> <span class='ocrx_word' id='word_1_32' title='bbox 914 580 1223 634; x_wconf 81' lang='lat' dir='ltr'>moderatores,</span> <span class='ocrx_word' id='word_1_33' title='bbox 1253 581 1338 626; x_wconf 84' lang='lat' dir='ltr'>sive</span> 
     </span>
     <span class='ocr_line' id='line_1_7' title="bbox 232 656 1337 715; baseline 0.001 -14"><span class='ocrx_word' id='word_1_34' title='bbox 232 659 411 715; x_wconf 83' lang='lat' dir='ltr'>ingenii,</span> <span class='ocrx_word' id='word_1_35' title='bbox 443 658 526 701; x_wconf 87' lang='lat' dir='ltr'>sive</span> <span class='ocrx_word' id='word_1_36' title='bbox 557 658 748 700; x_wconf 82' lang='lat' dir='ltr'>fortunae</span> <span class='ocrx_word' id='word_1_37' title='bbox 776 656 987 709; x_wconf 87' lang='lat' dir='ltr'>felicitate,</span> <span class='ocrx_word' id='word_1_38' title='bbox 1016 657 1059 699; x_wconf 89' lang='lat' dir='ltr'>id</span> <span class='ocrx_word' id='word_1_39' title='bbox 1085 657 1337 712; x_wconf 88' lang='lat' dir='ltr'>divinantes,</span> 
     </span>
     <span class='ocr_line' id='line_1_8' title="bbox 233 733 1337 793; baseline 0 -15"><span class='ocrx_word' id='word_1_40' title='bbox 233 737 275 778; x_wconf 88' lang='lat' dir='ltr'>in</span> <span class='ocrx_word' id='word_1_41' title='bbox 291 749 439 793; x_wconf 80' lang='lat' dir='ltr'>magna</span> <span class='ocrx_word' id='word_1_42' title='bbox 457 733 635 778; x_wconf 88' lang='lat' dir='ltr'>docendi</span> <span class='ocrx_word' id='word_1_43' title='bbox 651 733 840 777; x_wconf 84' lang='lat' dir='ltr'>libertate</span> <span class='ocrx_word' id='word_1_44' title='bbox 855 740 970 777; x_wconf 86' lang='lat' dir='ltr'>tanto</span> <span class='ocrx_word' id='word_1_45' title='bbox 989 734 1096 777; x_wconf 89' lang='lat' dir='ltr'>malo</span> <span class='ocrx_word' id='word_1_46' title='bbox 1114 734 1337 778; x_wconf 85' lang='lat' dir='ltr'>maximam</span> 
     </span>
     <span class='ocr_line' id='line_1_9' title="bbox 231 809 1338 872; baseline -0.001 -16"><span class='ocrx_word' id='word_1_47' title='bbox 231 820 392 872; x_wconf 84' lang='lat' dir='ltr'>partem</span> <span class='ocrx_word' id='word_1_48' title='bbox 419 818 650 855; x_wconf 87' lang='lat' dir='ltr'>caruerunt.</span> <span class='ocrx_word' id='word_1_49' title='bbox 727 810 890 854; x_wconf 86' lang='lat' dir='ltr'>Etenim</span> <span class='ocrx_word' id='word_1_50' title='bbox 919 809 962 852; x_wconf 91' lang='lat' dir='ltr'>in</span> <span class='ocrx_word' id='word_1_51' title='bbox 991 810 1149 854; x_wconf 90' lang='lat' dir='ltr'>delectu</span> <span class='ocrx_word' id='word_1_52' title='bbox 1176 810 1338 855; x_wconf 89' lang='lat' dir='ltr'>docen-</span> 
     </span>
     <span class='ocr_line' id='line_1_10' title="bbox 232 887 1338 942; baseline 0 -10"><span class='ocrx_word' id='word_1_53' title='bbox 232 889 363 942; x_wconf 85' lang='lat' dir='ltr'>tium,</span> <span class='ocrx_word' id='word_1_54' title='bbox 397 903 481 931; x_wconf 92' lang='lat' dir='ltr'>non</span> <span class='ocrx_word' id='word_1_55' title='bbox 523 888 565 930; x_wconf 90' lang='lat' dir='ltr'>in</span> <span class='ocrx_word' id='word_1_56' title='bbox 609 901 812 939; x_wconf 87' lang='lat' dir='ltr'>numero,</span> <span class='ocrx_word' id='word_1_57' title='bbox 856 888 1064 930; x_wconf 88' lang='lat' dir='ltr'>fortunam</span> <span class='ocrx_word' id='word_1_58' title='bbox 1103 887 1338 932; x_wconf 87' lang='lat' dir='ltr'>academiae</span> 
     </span>
     <span class='ocr_line' id='line_1_11' title="bbox 233 964 1336 1031; baseline 0 -23"><span class='ocrx_word' id='word_1_59' title='bbox 233 980 331 1031; x_wconf 66' lang='lat' dir='ltr'>esse⁴</span> <span class='ocrx_word' id='word_1_60' title='bbox 365 965 471 1017; x_wconf 87' lang='lat' dir='ltr'>rati,</span> <span class='ocrx_word' id='word_1_61' title='bbox 520 964 721 1021; x_wconf 80' lang='lat' dir='ltr'>legitimos</span> <span class='ocrx_word' id='word_1_62' title='bbox 766 964 1025 1022; x_wconf 85' lang='lat' dir='ltr'>professores</span> <span class='ocrx_word' id='word_1_63' title='bbox 1074 964 1336 1009; x_wconf 87' lang='lat' dir='ltr'>instituerunt</span> 
     </span>
     <span class='ocr_line' id='line_1_12' title="bbox 233 1041 1336 1100; baseline -0.001 -15"><span class='ocrx_word' id='word_1_64' title='bbox 233 1057 308 1086; x_wconf 88' lang='lat' dir='ltr'>nec</span> <span class='ocrx_word' id='word_1_65' title='bbox 329 1042 449 1085; x_wconf 87' lang='lat' dir='ltr'>nimis</span> <span class='ocrx_word' id='word_1_66' title='bbox 465 1056 642 1100; x_wconf 86' lang='lat' dir='ltr'>paucos,</span> <span class='ocrx_word' id='word_1_67' title='bbox 667 1055 743 1084; x_wconf 87' lang='lat' dir='ltr'>nec</span> <span class='ocrx_word' id='word_1_68' title='bbox 760 1041 923 1084; x_wconf 87' lang='lat' dir='ltr'>multos.</span> <span class='ocrx_word' id='word_1_69' title='bbox 950 1041 1157 1085; x_wconf 84' lang='lat' dir='ltr'>Doctores</span> <span class='ocrx_word' id='word_1_70' title='bbox 1173 1048 1336 1095; x_wconf 87' lang='lat' dir='ltr'>autem,</span> 
     </span>
     <span class='ocr_line' id='line_1_13' title="bbox 232 1117 1336 1176; baseline -0.001 -13"><span class='ocrx_word' id='word_1_71' title='bbox 232 1119 266 1163; x_wconf 91' lang='lat' dir='ltr'>si</span> <span class='ocrx_word' id='word_1_72' title='bbox 293 1120 383 1176; x_wconf 93' lang='lat' dir='ltr'>quis</span> <span class='ocrx_word' id='word_1_73' title='bbox 411 1118 587 1162; x_wconf 88' lang='lat' dir='ltr'>docendi</span> <span class='ocrx_word' id='word_1_74' title='bbox 618 1117 810 1160; x_wconf 81' lang='lat' dir='ltr'>fiduciam</span> <span class='ocrx_word' id='word_1_75' title='bbox 841 1117 1036 1170; x_wconf 85' lang='lat' dir='ltr'>haberet,</span> <span class='ocrx_word' id='word_1_76' title='bbox 1072 1117 1230 1161; x_wconf 90' lang='lat' dir='ltr'>veniam</span> <span class='ocrx_word' id='word_1_77' title='bbox 1256 1132 1336 1176; x_wconf 89' lang='lat' dir='ltr'>pe-</span> 
     </span>
     <span class='ocr_line' id='line_1_14' title="bbox 232 1193 1335 1253; baseline -0.001 -15"><span class='ocrx_word' id='word_1_78' title='bbox 232 1203 318 1238; x_wconf 88' lang='lat' dir='ltr'>tere</span> <span class='ocrx_word' id='word_1_79' title='bbox 346 1201 563 1253; x_wconf 79' lang='lat' dir='ltr'>poterant,</span> <span class='ocrx_word' id='word_1_80' title='bbox 599 1208 728 1249; x_wconf 88' lang='lat' dir='ltr'>caque</span> <span class='ocrx_word' id='word_1_81' title='bbox 762 1193 985 1236; x_wconf 82' lang='lat' dir='ltr'>liberaliter</span> <span class='ocrx_word' id='word_1_82' title='bbox 1017 1208 1038 1236; x_wconf 89' lang='lat' dir='ltr'>a</span> <span class='ocrx_word' id='word_1_83' title='bbox 1073 1194 1335 1238; x_wconf 84' lang='lat' dir='ltr'>curatoribus</span> 
     </span>
     <span class='ocr_line' id='line_1_15' title="bbox 230 1269 1336 1330; baseline 0.001 -16"><span class='ocrx_word' id='word_1_84' title='bbox 230 1271 565 1330; x_wconf 79' lang='lat' dir='ltr'>impertiebatur3</span> <span class='ocrx_word' id='word_1_85' title='bbox 599 1285 721 1328; x_wconf 85' lang='lat' dir='ltr'>saepe</span> <span class='ocrx_word' id='word_1_86' title='bbox 757 1269 922 1326; x_wconf 87' lang='lat' dir='ltr'>quidem</span> <span class='ocrx_word' id='word_1_87' title='bbox 960 1270 1011 1312; x_wconf 84' lang='lat' dir='ltr'>ad</span> <span class='ocrx_word' id='word_1_88' title='bbox 1039 1277 1227 1330; x_wconf 88' lang='lat' dir='ltr'>tempus,</span> <span class='ocrx_word' id='word_1_89' title='bbox 1260 1286 1336 1315; x_wconf 84' lang='lat' dir='ltr'>ex-</span> 
     </span>
     <span class='ocr_line' id='line_1_16' title="bbox 229 1347 1335 1407; baseline 0 -16"><span class='ocrx_word' id='word_1_90' title='bbox 229 1347 421 1407; x_wconf 82' lang='lat' dir='ltr'>periundi</span> <span class='ocrx_word' id='word_1_91' title='bbox 448 1348 605 1404; x_wconf 84' lang='lat' dir='ltr'>gratia,</span> <span class='ocrx_word' id='word_1_92' title='bbox 643 1354 771 1405; x_wconf 80' lang='lat' dir='ltr'>saepe</span> <span class='ocrx_word' id='word_1_93' title='bbox 798 1361 896 1390; x_wconf 87' lang='lat' dir='ltr'>vero</span> <span class='ocrx_word' id='word_1_94' title='bbox 928 1361 1019 1390; x_wconf 89' lang='lat' dir='ltr'>cum</span> <span class='ocrx_word' id='word_1_95' title='bbox 1049 1347 1247 1406; x_wconf 88' lang='lat' dir='ltr'>pecuniae</span> <span class='ocrx_word' id='word_1_96' title='bbox 1280 1347 1335 1391; x_wconf 91' lang='lat' dir='ltr'>li—</span> 
     </span>
     <span class='ocr_line' id='line_1_17' title="bbox 231 1422 1334 1481; baseline -0.001 -13"><span class='ocrx_word' id='word_1_97' title='bbox 231 1425 456 1468; x_wconf 86' lang='lat' dir='ltr'>beralitate.</span> <span class='ocrx_word' id='word_1_98' title='bbox 498 1422 664 1479; x_wconf 81' lang='lat' dir='ltr'>Quodsi</span> <span class='ocrx_word' id='word_1_99' title='bbox 696 1423 926 1481; x_wconf 82' lang='lat' dir='ltr'>petulanter</span> <span class='ocrx_word' id='word_1_100' title='bbox 952 1438 995 1466; x_wconf 89' lang='lat' dir='ltr'>se</span> <span class='ocrx_word' id='word_1_101' title='bbox 1022 1431 1238 1480; x_wconf 82' lang='lat' dir='ltr'>gererent,</span> <span class='ocrx_word' id='word_1_102' title='bbox 1270 1425 1334 1468; x_wconf 86' lang='lat' dir='ltr'>le-</span> 
     </span>
     <span class='ocr_line' id='line_1_18' title="bbox 231 1491 1335 1559; baseline 0.001 -15"><span class='ocrx_word' id='word_1_103' title='bbox 231 1501 352 1559; x_wconf 85' lang='lat' dir='ltr'>gendi</span> <span class='ocrx_word' id='word_1_104' title='bbox 369 1501 562 1544; x_wconf 79' lang='lat' dir='ltr'>facultate</span> <span class='ocrx_word' id='word_1_105' title='bbox 579 1499 943 1552; x_wconf 86' lang='lat' dir='ltr'>interdicebantur.</span> <span class='ocrx_word' id='word_1_106' title='bbox 977 1499 1138 1545; x_wconf 91' lang='lat' dir='ltr'>Deinde</span> <span class='ocrx_word' id='word_1_107' title='bbox 1151 1508 1190 1544; x_wconf 90' lang='lat' dir='ltr'>et</span> <span class='ocrx_word' id='word_1_108' title='bbox 1210 1491 1335 1545; x_wconf 81' lang='lat' dir='ltr'>Leo-</span> 
     </span>
     <span class='ocr_line' id='line_1_19' title="bbox 230 1575 1333 1629; baseline 0.001 -9"><span class='ocrx_word' id='word_1_109' title='bbox 230 1585 376 1620; x_wconf 85' lang='lat' dir='ltr'>tores</span> <span class='ocrx_word' id='word_1_110' title='bbox 403 1584 520 1620; x_wconf 85' lang='lat' dir='ltr'>erant</span> <span class='ocrx_word' id='word_1_111' title='bbox 552 1591 643 1620; x_wconf 89' lang='lat' dir='ltr'>cum</span> <span class='ocrx_word' id='word_1_112' title='bbox 678 1575 837 1619; x_wconf 88' lang='lat' dir='ltr'>honore</span> <span class='ocrx_word' id='word_1_113' title='bbox 869 1583 906 1619; x_wconf 86' lang='lat' dir='ltr'>et</span> <span class='ocrx_word' id='word_1_114' title='bbox 940 1575 1111 1629; x_wconf 86' lang='lat' dir='ltr'>salario,</span> <span class='ocrx_word' id='word_1_115' title='bbox 1151 1584 1190 1620; x_wconf 86' lang='lat' dir='ltr'>et</span> <span class='ocrx_word' id='word_1_116' title='bbox 1221 1578 1333 1621; x_wconf 84' lang='lat' dir='ltr'>Pro·</span> 
     </span>
     <span class='ocr_line' id='line_1_20' title="bbox 231 1652 1333 1712; baseline 0.002 -15"><span class='ocrx_word' id='word_1_117' title='bbox 231 1654 409 1697; x_wconf 87' lang='lat' dir='ltr'>sessores</span> <span class='ocrx_word' id='word_1_118' title='bbox 443 1652 802 1704; x_wconf 83' lang='lat' dir='ltr'>Extraordinarii‚</span> <span class='ocrx_word' id='word_1_119' title='bbox 840 1659 939 1695; x_wconf 88' lang='lat' dir='ltr'>nota</span> <span class='ocrx_word' id='word_1_120' title='bbox 970 1653 1152 1698; x_wconf 87' lang='lat' dir='ltr'>nomina.</span> <span class='ocrx_word' id='word_1_121' title='bbox 1215 1654 1333 1712; x_wconf 83' lang='lat' dir='ltr'>Quae</span> 
     </span>
     <span class='ocr_line' id='line_1_21' title="bbox 227 1728 1332 1785; baseline 0.002 -13"><span class='ocrx_word' id='word_1_122' title='bbox 227 1729 417 1773; x_wconf 82' lang='lat' dir='ltr'>tirocinia</span> <span class='ocrx_word' id='word_1_123' title='bbox 443 1728 657 1773; x_wconf 82' lang='lat' dir='ltr'>clarissimi</span> <span class='ocrx_word' id='word_1_124' title='bbox 688 1729 839 1785; x_wconf 90' lang='lat' dir='ltr'>quique</span> <span class='ocrx_word' id='word_1_125' title='bbox 864 1729 937 1772; x_wconf 85' lang='lat' dir='ltr'>viri</span> <span class='ocrx_word' id='word_1_126' title='bbox 960 1730 1170 1783; x_wconf 82' lang='lat' dir='ltr'>fecerunt,</span> <span class='ocrx_word' id='word_1_127' title='bbox 1204 1731 1332 1774; x_wconf 85' lang='lat' dir='ltr'>Vin-</span> 
     </span>
     <span class='ocr_line' id='line_1_22' title="bbox 229 1805 1331 1861; baseline 0.001 -11"><span class='ocrx_word' id='word_1_128' title='bbox 229 1806 340 1850; x_wconf 91' lang='lat' dir='ltr'>nius</span> <span class='ocrx_word' id='word_1_129' title='bbox 377 1814 541 1858; x_wconf 82' lang='lat' dir='ltr'>noster,</span> <span class='ocrx_word' id='word_1_130' title='bbox 582 1805 926 1857; x_wconf 52' lang='lat' dir='ltr'>Boot-bavius,</span> <span class='ocrx_word' id='word_1_131' title='bbox 960 1806 1331 1861; x_wconf 87' lang='lat' dir='ltr'>Ruhnkenius,</span> 
     </span>
     <span class='ocr_line' id='line_1_23' title="bbox 229 1882 1332 1940; baseline 0.001 -13"><span class='ocrx_word' id='word_1_132' title='bbox 229 1884 426 1940; x_wconf 85' lang='lat' dir='ltr'>multique</span> <span class='ocrx_word' id='word_1_133' title='bbox 449 1883 515 1926; x_wconf 88' lang='lat' dir='ltr'>alii</span> <span class='ocrx_word' id='word_1_134' title='bbox 543 1882 775 1926; x_wconf 86' lang='lat' dir='ltr'>excellentis</span> <span class='ocrx_word' id='word_1_135' title='bbox 800 1882 1012 1926; x_wconf 86' lang='lat' dir='ltr'>doctrinae</span> <span class='ocrx_word' id='word_1_136' title='bbox 1041 1883 1137 1936; x_wconf 87' lang='lat' dir='ltr'>viri,</span> <span class='ocrx_word' id='word_1_137' title='bbox 1166 1884 1236 1940; x_wconf 92' lang='lat' dir='ltr'>qui</span> <span class='ocrx_word' id='word_1_138' title='bbox 1251 1898 1332 1928; x_wconf 91' lang='lat' dir='ltr'>no-</span> 
     </span>
     <span class='ocr_line' id='line_1_24' title="bbox 230 1958 1332 2005; baseline 0.004 -3"><span class='ocrx_word' id='word_1_139' title='bbox 230 1974 322 2003; x_wconf 88' lang='lat' dir='ltr'>men</span> <span class='ocrx_word' id='word_1_140' title='bbox 368 1974 484 2002; x_wconf 91' lang='lat' dir='ltr'>suum</span> <span class='ocrx_word' id='word_1_141' title='bbox 522 1958 818 2001; x_wconf 81' lang='lat' dir='ltr'>immortalitati</span> <span class='ocrx_word' id='word_1_142' title='bbox 857 1960 1214 2005; x_wconf 85' lang='lat' dir='ltr'>commendarunt.</span> <span class='ocrx_word' id='word_1_143' title='bbox 1275 1965 1332 2005; x_wconf 87' lang='lat' dir='ltr'>At</span> 
     </span>
     <span class='ocr_line' id='line_1_25' title="bbox 230 2034 1331 2094; baseline 0.001 -15"><span class='ocrx_word' id='word_1_144' title='bbox 230 2037 321 2092; x_wconf 86' lang='lat' dir='ltr'>quis</span> <span class='ocrx_word' id='word_1_145' title='bbox 347 2050 431 2078; x_wconf 92' lang='lat' dir='ltr'>non</span> <span class='ocrx_word' id='word_1_146' title='bbox 460 2035 568 2078; x_wconf 89' lang='lat' dir='ltr'>videt</span> <span class='ocrx_word' id='word_1_147' title='bbox 596 2034 677 2077; x_wconf 88' lang='lat' dir='ltr'>hoe</span> <span class='ocrx_word' id='word_1_148' title='bbox 705 2035 1141 2093; x_wconf 71' lang='lat' dir='ltr'>prudenti‘instituto,</span> <span class='ocrx_word' id='word_1_149' title='bbox 1172 2036 1216 2079; x_wconf 92' lang='lat' dir='ltr'>id</span> <span class='ocrx_word' id='word_1_150' title='bbox 1246 2052 1331 2094; x_wconf 92' lang='lat' dir='ltr'>quo</span> 
     </span>
     <span class='ocr_line' id='line_1_26' title="bbox 228 2101 1331 2170; baseline 0.001 -14"><span class='ocrx_word' id='word_1_151' title='bbox 228 2113 509 2170; x_wconf 85' lang='lat' dir='ltr'>maximopere</span> <span class='ocrx_word' id='word_1_152' title='bbox 570 2125 678 2154; x_wconf 85' lang='lat' dir='ltr'>nunc</span> <span class='ocrx_word' id='word_1_153' title='bbox 732 2101 984 2170; x_wconf 28' lang='lat' dir='ltr'>peregrinae*</span> <span class='ocrx_word' id='word_1_154' title='bbox 1030 2112 1331 2158; x_wconf 87' lang='lat' dir='ltr'>Universitates</span> 
     </span>
     <span class='ocr_line' id='line_1_27' title="bbox 230 2178 1329 2247; baseline 0.004 -16"><span class='ocrx_word' id='word_1_155' title='bbox 230 2189 481 2247; x_wconf 79' lang='lat' dir='ltr'>gloriantur,</span> <span class='ocrx_word' id='word_1_156' title='bbox 525 2178 1071 2233; x_wconf 78' lang='lat' dir='ltr'>inexhaustam&#39;doctormn</span> <span class='ocrx_word' id='word_1_157' title='bbox 1117 2189 1329 2235; x_wconf 90' lang='lat' dir='ltr'>hominum</span> 
     </span>
    </p>
   </div>
   <div class='ocr_carea' id='block_1_3' title="bbox 1454 651 1487 2625">
    <p class='ocr_par' dir='ltr' id='par_1_3' title="bbox 1454 651 1487 2625">
     <span class='ocr_line' id='line_1_28' title="bbox 1454 651 1487 2625; baseline 0 0"><span class='ocrx_word' id='word_1_158' title='bbox 1454 651 1487 2625; x_wconf 95' lang='lat' dir='ltr'> </span> 
     </span>
    </p>
   </div>
   <div class='ocr_carea' id='block_1_4' title="bbox 1481 283 1487 691">
    <p class='ocr_par' dir='ltr' id='par_1_4' title="bbox 1481 283 1487 691">
     <span class='ocr_line' id='line_1_29' title="bbox 1483 283 1487 299; baseline 0 0"><span class='ocrx_word' id='word_1_159' title='bbox 1483 283 1487 299; x_wconf 73' lang='lat' dir='ltr'>l</span> 
     </span>
     <span class='ocr_line' id='line_1_30' title="bbox 1481 369 1487 546; baseline 0 0"><span class='ocrx_word' id='word_1_160' title='bbox 1481 369 1487 546; x_wconf 80' lang='lat' dir='ltr'>i</span> 
     </span>
     <span class='ocr_line' id='line_1_31' title="bbox 1482 558 1487 598; baseline 0 0"><span class='ocrx_word' id='word_1_161' title='bbox 1482 558 1487 598; x_wconf 67' lang='lat' dir='ltr'>i</span> 
     </span>
     <span class='ocr_line' id='line_1_32' title="bbox 1483 603 1487 630; baseline 0 0"><span class='ocrx_word' id='word_1_162' title='bbox 1483 603 1487 630; x_wconf 71' lang='lat' dir='ltr'>l</span> 
     </span>
     <span class='ocr_line' id='line_1_33' title="bbox 1482 679 1487 691; baseline 0 0"><span class='ocrx_word' id='word_1_163' title='bbox 1482 679 1487 691; x_wconf 89' lang='grc' dir='ltr'>ι</span> 
     </span>
    </p>
   </div>
  </div>
 </body>
</html>
