1487 2625
499 136 851 188 MEDICA.
1188 150 1231 186 71

125 255 282 296 auctus,
309 249 464 297 5‚763.
518 247 581 285 Ab
605 249 686 285 aere
707 248 893 285 seclusum
928 251 1006 284 sine
1029 246 1235 284 mutatione

123 317 286 356 chemica
311 316 530 356 sublimatur
563 314 679 367 (356⁰
705 317 775 367 F.)
800 325 912 365 atque
938 316 1057 355 forma
1079 320 1236 366 crystal-

123 389 244 427 lorum
287 387 612 435 tetraedricorutn‚
655 386 773 424 rarius
808 386 1099 437 octaedricorum
1136 387 1234 425 vasis

121 457 324 507 parietibus
362 469 444 497 sese
488 443 665 506 applicat.
738 456 951 495 Accedente
994 468 1085 495 vero
1122 458 1234 504 aete,

119 539 279 579 vapores
304 527 476 581 oriuntur
499 527 610 566 albidi
637 538 669 564 e.
684 526 898 575 deutoxydo
922 525 1087 565 formati.
1127 527 1235 573 Prae,-

123 605 180 639 ter
203 598 298 637 illud
322 598 600 648 deutoxydum,
629 596 710 635 sive
743 595 886 634 acidum
937 597 1203 646 Arsenicosum
1220 626 1234 646 ,

122 669 310 708 metallum
345 670 446 708 aliud
489 679 574 707 cum
623 666 823 716 oxygenio
860 666 929 704 init
975 668 1234 715 connubium,

120 741 224 788 quod
255 739 511 779 vallidioribus
539 739 672 787 gaudet
709 737 897 775 aeidorum
931 738 1234 785 proprietatibus

119 817 235 858 atque
259 809 403 849 acidum
424 808 682 847 Arsenicicum
708 807 915 856 nuncupari
934 809 1052 856 polet.
1080 808 1237 846 Utrum-

118 891 193 929 que
230 879 375 919 acidum
409 878 549 917 format
584 879 705 926 sales,
743 888 813 929 pro
850 877 1005 916 maxima
1037 887 1139 926 parte
1178 878 1234 916 in-

116 949 314 989 solubiles.

165 1020 319 1069 Duplex
331 1027 476 1068 prostat
497 1018 637 1057 metalli
658 1029 741 1055 curn
757 1017 945 1064 Sulphure
967 1017 1220 1063 combinatio,

116 1089 228 1129 altera
263 1090 390 1133 colore
413 1089 530 1127 rubro
556 1086 774 1134 mausiaco,
802 1086 900 1127 flavo
929 1086 1054 1124 altera.

605 1248 640 1299 S·
701 1268 738 1306 3.

306 1409 376 1446 De
399 1407 718 1457 Protoxydo
755 1409 1022 1451 Arsenici.

167 1551 420 1613 Protoxydum
454 1564 624 1605 Arsenici
661 1563 724 1602 vix
758 1563 906 1602 differre
939 1564 1084 1603 videtur
1105 1579 1125 1605 a
1149 1570 1233 1615 pul-

117 1645 204 1673 vere
227 1634 386 1682 quodam
412 1643 594 1672 venenato
611 1662 624 1681 ,
640 1645 749 1682 quem
778 1643 963 1673 nostrates
988 1636 1117 1675 dicunt
1130 1638 1232 1676 Vlie-

113 1713 299 1756 gemtem.
381 1704 454 1743 Est
503 1716 644 1753 corpus
682 1705 821 1743 coloris
858 1706 970 1753 grisei
1006 1706 1043 1744 in
1079 1707 1232 1759 nigrum

116 1773 306 1825 vergentis
337 1775 417 1812 sine
442 1775 639 1826 splendore
665 1783 701 1812 et
729 1773 891 1813 friabile.
954 1775 1130 1815 Occurrit
1159 1777 1233 1816 for-

117 1859 176 1887 ma
212 1846 405 1896 pulveris-3
433 1846 619 1885 interdum
649 1854 771 1892 tamen
803 1846 841 1885 in
872 1848 1005 1885 massis
1029 1849 1232 1897 majoribus

117 1925 284 1960 texturae
319 1910 547 1955 lamellosae.
601 1915 714 1962 Aqua
753 1915 804 1955 ita
841 1917 1031 1963 solvitur,
1060 1927 1102 1955 ut
1135 1919 1234 1957 varia

122 1987 306 2038 reagentia
351 1987 494 2025 acidum
537 1986 804 2024 Arsenicosum
837 1985 874 2023 in
912 1986 1101 2025 solutione
1139 1988 1234 2029 indi-

117 2066 220 2099 cent.
273 2058 369 2108 Ejus
396 2068 469 2095 una
493 2067 579 2104 pars
605 2055 642 2093 in
667 2068 764 2094 1000
797 2055 963 2104 partibus
987 2069 1104 2105 aquae
1130 2059 1232 2096 ebul..

117 2126 242 2169 lientis
274 2127 450 2167 solvitur.
506 2121 547 2165 Si
579 2134 702 2167 autem
739 2125 912 2168 ebullitio«
933 2127 1074 2168 diutius
1111 2132 1232 2168 conti-

1141 2211 1231 2239 nue-
