1487 2625
526 170 877 210 MEDICA.
1209 175 1259 227 63

148 276 303 325 ruptio,
329 278 379 315 ita
412 287 557 325 tamen,
585 288 627 317 ut
654 278 787 330 ligari,
821 280 995 320 dissecari
1035 290 1071 321 et
1103 283 1260 322 ulterius

146 347 329 396 explorari
368 347 476 386 facile
498 357 683 397 possent,
725 350 880 389 detectis
927 350 965 390 in
1013 352 1146 392 horum
1181 364 1258 392 uno

149 427 371 466 gangraenae
391 418 560 468 vestigiis
576 447 589 466 ‚
607 419 644 457 in
675 418 830 467 reliquis
853 432 941 458 vero
966 422 1115 461 duobus
1144 423 1262 463 Arse-

145 486 258 535 nico,
280 488 481 527 secundum
514 489 584 527 Ro
598 489 673 527 sei
701 490 915 528 methodum
941 490 1157 541 analyticam
1173 493 1259 543 (1).

196 557 382 596 Interdum
414 567 533 598 tamen
548 586 561 606 ‚
592 570 721 607 magna
743 559 875 598 veneni
896 569 999 609 parte
1025 561 1171 602 vomitu
1195 572 1260 604 aut

142 627 227 665 alvo
253 628 387 678 reJ‘ecta
402 655 415 674 ‚
455 627 517 666 illa
541 636 682 667 tantum
710 640 844 678 organa
865 642 885 669 a
908 631 1105 680 putredine
1129 632 1261 672 immu-

142 696 204 736 nia
224 698 362 737 servari
378 698 552 737 videntur
566 725 579 745 ‚
605 709 701 746 quae
725 698 933 739 immediate
946 712 1089 741 veneno
1103 711 1261 753 tangun-

144 774 230 814 tur,
257 767 344 805 dum
380 766 521 816 reliqua
547 766 659 805 solita
693 767 835 807 ratione
868 769 1124 811 destruuntur.
1178 772 1260 810 Ob-

141 836 368 876 servationes
381 864 394 885 ‚
409 848 502 885 quae
513 837 587 875 huc
600 846 788 886 spectant,
811 840 1008 878 secundam
1020 841 1259 881 constituunt

140 907 314 946 classem.

188 977 279 1016 Uno
300 976 338 1015 in
351 977 518 1026 exemplo
539 977 638 1016 cutis
659 977 857 1026 putredine
871 980 1027 1019 notabili
1051 990 1126 1020 erat
1146 980 1257 1020 affec-

141 1054 205 1094 ta,
222 1057 335 1085 sanus
359 1059 448 1085 vero
473 1048 702 1086 ventriculus
725 1056 762 1086 et
788 1049 975 1089 intestina.
1028 1050 1131 1089 Ante
1149 1051 1260 1099 quin-

138 1128 213 1165 que
241 1117 489 1156 hebdomades
512 1119 665 1157 cadaver
681 1117 801 1159 fuerat
823 1121 1010 1167 sepultum
1026 1119 1110 1171 (α).
1163 1120 1252 1158 Α1ἰο

139 1198 255 1234 casu,
277 1187 399 1226 tribus
433 1187 650 1237 septimanis
683 1197 770 1238 post
801 1189 1053 1228 humationem
1089 1191 1255 1240 elapsis,

139 1257 325 1296 cadaveris
352 1266 475 1306 partes
498 1267 666 1297 externae
687 1269 787 1297 erant
806 1268 1025 1308 corruptae,
1045 1270 1130 1298 cum
1166 1272 1255 1300 ven·

137 1327 295 1366 triculus
323 1337 359 1365 et
384 1327 558 1367 intestina
576 1337 663 1378 post
684 1341 749 1368 sex
770 1331 860 1368 adeo
892 1330 1142 1369 hebdomades
1167 1343 1255 1370 sana

135 1397 213 1435 fere
234 1396 488 1436 invenirentur
514 1400 596 1449 (3).
650 1400 839 1439 Cadavere
859 1408 944 1438 ante
979 1413 1025 1449 14
1051 1401 1254 1440 hebdoma-

137 1468 203 1507 des
227 1467 272 1505 ad
288 1469 514 1516 sepulturam
537 1470 623 1508 dato
637 1497 650 1517 ‚
677 1469 848 1518 corporis
871 1478 992 1519 partes
1024 1480 1193 1510 externae
1214 1472 1253 1510 in

136 1537 367 1585 adipoceram
402 1547 648 1578 commutatae
685 1540 1066 1588 deprehendebantur.
1120 1541 1253 1580 Abdo-

137 1607 247 1646 minis
281 1619 370 1646 vero
402 1620 537 1658 organa
572 1609 725 1658 omnia,
758 1610 791 1648 si
815 1609 1062 1649 ventriculum
1089 1620 1125 1650 et
1158 1619 1254 1650 trac-

139 1686 216 1715 tum
229 1677 474 1718 intestinalem
498 1680 709 1730 exceperis,
731 1683 914 1719 materiam
928 1681 1151 1737 exhibebant
1167 1684 1255 1732 pul·

1183 1764 1253 1801 PO-

179 1890 234 1930 (1)
256 1894 343 1924 Dm·
389 1895 486 1925 Fiille
517 1906 582 1925 von
612 1896 759 1926 Arsenik
798 1898 1004 1939 Verngtung
1036 1908 1069 1927 u.
1093 1908 1122 1928 s.
1147 1909 1187 1928 w·
1215 1899 1252 1930 in

87 1981 90 1984 ἤ
136 1943 397 1988 Denksclzriften
421 1949 479 1979 der
496 1948 668 1989 physikal.
689 1949 804 1980 medic.
840 1950 960 1980 Societ.
995 1961 1035 1980 zu
1069 1951 1250 1993 Erlangen·

139 1996 175 2028 B.
199 1998 226 2028 1.
256 1998 390 2030 Niirnb.
416 2001 507 2032 1812.
530 2000 583 2032 Cf.
616 2001 783 2040 Henke,
812 2002 835 2032 l.
861 2013 889 2033 e.
916 2005 949 2044 ᾗ.
982 2003 1052 2035 666.
1087 2003 1252 2036 Chris-

135 2051 286 2089 tisou,
313 2052 336 2082 l.
363 2064 391 2084 c.
406 2065 442 2094 p.
461 2054 534 2085 360.

177 2104 230 2144 (2)
253 2105 405 2145 Bernt,
434 2107 456 2139 Ι.
485 2118 514 2139 c.
548 2106 611 2139 lv.
631 2117 705 2150 219.
738 2108 791 2140 Cf.
813 2108 1127 2150 Christison‚
1161 2111 1183 2143 l.
1217 2123 1246 2144 c.

137 2167 171 2196 p.
194 2159 264 2190 565.

177 2210 225 2251 (3)
251 2211 540 2244 Christison
560 2236 570 2253 ,
601 2215 683 2245 ibid.
