1487 2625
258 190 308 227 26
483 185 1145 227 COMMENTATIO

259 323 285 343 „
309 295 410 334 aliud
444 295 536 343 quid
568 304 652 342 est,
693 308 802 343 quam
837 297 881 333 ad
918 297 977 343 id,
1018 298 1062 334 ad
1103 299 1205 345 quod
1238 298 1366 348 pulcre

256 393 281 414 „
305 365 470 404 adhiberi
509 373 658 413 potest3
696 376 783 412 ergo
810 368 849 406 τὸ
874 369 1045 415 χρήσιμον
1075 367 1247 416 pulcrum
1287 377 1365 414 est,

258 463 283 483 „
309 435 354 473 ad
389 435 427 472 id
464 435 630 480 seilicet,
659 436 703 472 ad
732 436 833 483 quod
870 437 959 473 utile
986 445 1041 473 est
1072 438 1156 486 (1).
1225 437 1366 475 Pulcra

258 533 284 555 „
310 512 346 542 et
371 504 465 543 bona
493 504 613 542 omnia
642 513 730 542 sunt
763 506 807 543 ad
839 506 935 543 idem
953 533 965 552 ,
993 517 1124 554 nempe
1158 507 1204 544 ad
1236 507 1297 554 id,
1323 508 1369 546 ad

255 602 280 623 ,‚
307 574 411 621 quod
437 574 550 612 utilia
577 583 665 613 sunt
692 574 808 624 (2).”
858 575 977 623 Igitur
1005 577 1176 614 universe
1205 577 1238 613 si
1272 575 1370 615 dica-

255 652 341 690 tur,
386 646 436 685 τοὶ
471 646 570 685 καλοὶ
606 645 665 685 καὶ
703 646 830 692 ἀγαθοὶ
866 653 954 683 sunt
987 646 1084 693 apud
1122 646 1369 685 Socratem

256 724 325 760 ea,
352 725 447 762 quae
473 714 585 752 utilia
611 723 774 764 aptaque
802 722 890 752 sunt
916 718 999 765 πρὸς
1023 717 1122 765 βίον,
1151 715 1206 754 ad
1224 718 1370 765 vitam,-

255 791 293 820 et
316 786 566 834 καλοκᾳγικθὸς
591 783 726 821 dicitur
753 784 784 821 is
803 812 816 830 ‚
863 785 927 833 qui
955 786 1042 824 haec
1070 784 1171 824 facit.
1247 785 1371 837 Quae·

257 862 341 891 nam
367 862 487 890 autem
515 860 604 891 sunt
632 852 720 890 haee
747 854 1019 904 κωλοκᾳγαθοὶὶἓ
1058 863 1145 892 sunt
1170 866 1239 903 ea,
1275 867 1375 905 quac

247 920 350 970 fiunt
369 933 441 974 per
465 925 648 970 virtutes,
697 921 724 964 ὁὶ
756 930 837 968 ταῖς
872 927 1016 972 ἀρεταῖς
1054 926 1254 975 πράττεται
1282 924 1369 974 (3)-

255 991 427 1030 Virtutes
463 1000 586 1030 autem
623 1002 711 1030 sunt
747 1001 821 1030 tres
858 993 1065 1041 imprimis,
1093 997 1371 1044 temperantia,

244 1060 466 1110 fortitudo,
481 1062 670 1110 justitia.-
722 1074 816 1110 quae
852 1064 911 1101 his
948 1063 1152 1102 virtutibus
1182 1063 1302 1113 fiunt,
1327 1075 1370 1103 ea

255 1141 340 1168 esse
363 1134 631 1181 καλοκᾳγικθὲι,
659 1133 774 1171 utilia
800 1141 962 1185 aptaque
988 1132 1043 1171 ad
1064 1135 1181 1173 vitam
1196 1161 1209 1182 ‚
1244 1143 1371 1173 osten·

1305 1206 1373 1244 de-

300 1297 347 1341 (1)
383 1302 514 1332 Ibidem
551 1305 582 1343 §-
606 1314 636 1343 9.

296 1380 345 1420 (2)
382 1379 510 1409 Ibidem
529 1379 606 1409 Lib.
630 1379 696 1410 111.
721 1379 795 1409 c.8.
820 1379 904 1418 §.5‚
929 1391 959 1419 7.
1000 1378 1114 1420 Magna
1135 1379 1209 1410 inde
1230 1384 1299 1410 orta
1321 1384 1371 1412 eet

255 1436 425 1474 confusio,
461 1437 550 1477 quod
583 1436 709 1480 ἀγαθὸν
740 1437 823 1476 apud
857 1435 1073 1468 Socratem
1095 1439 1370 1480 Xenophonteum

253 1489 504 1530 intelligeretur,
530 1493 622 1531 quasi
647 1491 843 1530 significarei·⁴
867 1491 1052 1521 honestum.
1093 1489 1191 1530 Quod
1216 1501 1368 1529 perverse

257 1547 319 1575 fit:
360 1557 433 1577 nam
469 1548 642 1577 honestum
683 1547 803 1577 dicitur
839 1548 877 1576 ab
916 1557 953 1576 eo
987 1545 1130 1583 Σίκαιονς
1168 1547 1208 1580 τὶ
1243 1546 1371 1589 ἆγκθὶν.

255 1608 419 1639 nunquam
434 1619 443 1635 ‚
475 1599 562 1638 quod
588 1600 658 1629 seio
674 1621 683 1636 ,
716 1600 749 1628 in
774 1600 1046 1631 Memorabilibus
1066 1600 1224 1640 significat
1247 1601 1372 1631 hones-

256 1661 327 1684 tum
343 1675 352 1691 ,
387 1655 441 1685 sed
474 1666 598 1694 semper
632 1662 751 1696 aptum
767 1677 776 1693 ,
813 1657 919 1687 utile:
939 1658 984 1686 ita
1010 1658 1101 1687 etiam
1128 1657 1260 1697 κκλόυ;
1293 1659 1368 1690 hinc

257 1722 322 1741 nou
357 1711 505 1751 loquitur
536 1713 575 1742 de
603 1716 654 1755 τῷ
669 1711 794 1755 ἀγαθῷ,
818 1717 915 1756 καλῷ
932 1727 993 1755 per
1012 1727 1046 1746 se
1061 1737 1071 1753 ,
1106 1717 1160 1747 scd
1185 1728 1309 1758 semper
1328 1718 1369 1749 de

257 1767 393 1810 ἀγαθῷ,
420 1772 516 1811 καλῷ
542 1771 620 1812 mag
647 1773 698 1803 τί.
745 1771 796 1801 Cf.
819 1773 918 1803 Mem.
939 1772 1015 1802 Lib.
1033 1773 1098 1804 111.
1114 1784 1142 1804 c.
1156 1775 1186 1806 8.
1211 1776 1372 1814 imprimis

255 1825 290 1863 §·
314 1821 353 1859 5,
381 1822 411 1852 5.
435 1822 476 1852 L.
502 1822 565 1853 IV.
593 1834 620 1853 e.
650 1823 690 1860 6,
719 1826 751 1863 ᾗ.
777 1824 816 1860 8,
844 1834 874 1863 9.
898 1823 973 1854 coll.
995 1823 1057 1855 IV.
1078 1826 1369 1867 c.2.§.51;hinc

257 1882 432 1919 opponitur
454 1879 569 1923 ἀγαθῷ
585 1882 623 1914 τὸ
639 1879 820 1922 βλαβερόν,
846 1880 911 1910 111.
937 1891 965 1910 c.
989 1880 1021 1911 5.
1046 1883 1073 1919 §.
1087 1883 1138 1913 28.
1161 1888 1192 1913 et
1211 1888 1369 1926 κωλοκφ-

257 1938 347 1979 γαθζῦ
370 1937 539 1979 βλαβερός
563 1939 621 1971 καὶ
645 1937 934 1979 καταγέλαστος,
969 1937 1016 1969 11.
1042 1949 1070 1969 c.
1098 1940 1128 1970 6.
1161 1943 1192 1981 §-
1217 1941 1269 1971 58.
1290 1940 1367 1971 coll.

257 1991 321 2022 IV.
342 2003 370 2022 c.
393 2002 421 2021 1.
444 1996 476 2033 ᾗ.
496 1992 528 2021 5.
564 1993 612 2022 11.
634 2004 663 2022 c.
685 1993 718 2022 6.
739 1993 765 2028 §.
792 1992 913 2028 14-16‚
943 2001 993 2022 20.
1036 1993 1118 2023 Hinc
1144 1994 1178 2023 in
1204 1994 1368 2026 celebrato

255 2045 316 2075 illo
329 2049 500 2084 praecepto
514 2055 579 2075 non
593 2046 673 2076 dicit
684 2056 695 2075 :=
719 2055 736 2073 ))
753 2044 789 2076 Si
802 2046 881 2077 velis
895 2047 995 2076 bonus
1007 2046 1111 2077 videri
1122 2068 1131 2084 ‚
1156 2049 1199 2078 sis
1212 2049 1312 2078 bouus
1324 2047 1365 2084 ,''

257 2098 312 2128 sed
335 2107 353 2125 n
370 2100 396 2127 si
422 2099 526 2128 bonus
549 2100 594 2128 ad
617 2100 753 2140 aliquid
771 2099 874 2129 videri
893 2100 992 2137 velis,
1018 2101 1061 2129 sis
1083 2101 1184 2130 bonus
1204 2102 1247 2131 ad
1264 2099 1367 2131 hoc.''

257 2151 308 2181 Cf.
332 2149 368 2192 P.
391 2162 465 2181 van
486 2152 606 2181 Limb
621 2163 692 2191 urg
717 2152 912 2183 Brouwer
945 2156 978 2182 in
998 2164 1112 2184 comm.
1145 2154 1201 2184 An
1221 2160 1256 2184 et
1278 2164 1370 2194 qua-

254 2210 350 2234 tenus
376 2205 569 2246 philosophi
604 2210 668 2235 etc.
705 2205 738 2234 in
763 2205 850 2244 Opp.
874 2208 954 2245 Leg.
981 2207 1087 2247 Stolp.
1110 2207 1201 2239 1824·
1223 2217 1293 2246 pag.
1313 2207 1369 2240 44..

257 2268 329 2297 sqq.
372 2259 465 2288 Idem.
486 2259 520 2288 in
541 2269 572 2289 ν.
598 2258 729 2298 Kamp
742 2268 787 2287 en
808 2260 977 2300 BIagazffn
1000 2259 1022 2289 l.
1036 2259 1058 2289 l.
1079 2269 1149 2299 pag.
1171 2259 1240 2291 320.
1263 2271 1312 2301 sq.

300 2335 347 2374 (3)
382 2336 479 2365 Blera.
503 2335 542 2365 L·
566 2335 631 2366 III.
658 2346 685 2366 e·
705 2346 735 2375 9-
760 2339 789 2376 ὦ.
812 2336 842 2366 5-
