1487 2625
272 510 991 559 INTRODUCTIO.

544 719 747 734 *οὕφ-

109 915 198 964 Jam
232 925 371 964 dudum
407 925 638 972 disputatum
677 932 761 972 est,
818 923 966 972 quinam
1004 923 1080 961 sint
1120 936 1183 972 ge-

58 996 164 1034 nuini
195 994 384 1034 doctrinae
424 993 650 1032 Socratis
683 992 835 1032 fontes:
873 993 934 1031 alii
963 993 1079 1041 haec,
1120 992 1182 1031 alii

57 1066 121 1104 illa
158 1064 389 1112 antiquitatiS
428 1071 667 1100 monumenta
709 1075 829 1101 veram
867 1064 1058 1101 continere
1091 1064 1180 1101 doc-⁴

58 1135 175 1173 trinae
228 1142 264 1171 et
305 1133 445 1181 ingenii
487 1133 669 1170 Socratici
715 1133 869 1181 effigiem
925 1142 1178 1172 asseruerunt.

59 1204 100 1242 Si
141 1204 362 1241 Socrates
403 1203 486 1251 ipse
534 1202 676 1250 aliquid
714 1203 896 1251 scriptum
935 1203 1178 1251 reliquisset,

57 1274 144 1312 hinc
186 1284 286 1311 certe
323 1273 466 1321 optime
505 1274 584 1320 eJ'us
625 1272 834 1311 doctrinam
872 1282 1066 1322 totamque
1114 1286 1179 1312 co·

58 1344 196 1394 gitandi
230 1343 407 1380 rationem
445 1351 672 1388 cognoscere
709 1355 936 1392 possemusg,
1015 1346 1081 1384 sed
1117 1345 1177 1383 hic

59 1415 196 1452 nullam
229 1414 370 1451 literam
411 1413 590 1459 reliquit:
618 1413 787 1463 epistolas
824 1413 946 1461 enim,
976 1426 1071 1461 quae
1096 1416 1177 1465 ejus

57 1484 208 1523 nomine
234 1483 431 1530 feruntur,
469 1493 547 1521 non
574 1482 619 1520 ab
648 1483 712 1520 ilio
742 1494 825 1521 esse
852 1482 1040 1531 profectas
1058 1513 1071 1531 ‚
1109 1485 1177 1523 sed

58 1562 190 1603 postea
226 1555 257 1590 ei
289 1552 533 1601 suppositas,
580 1554 653 1601 jam
686 1561 774 1599 post
801 1553 962 1600 plurium
994 1553 1173 1591 Virorum

56 1626 263 1663 Doctorum
291 1622 553 1670 inquisitiones
578 1631 741 1661 constat.
806 1623 993 1660 Feruntur
1020 1634 1175 1671 quoque

13 1722 19 1729 .
56 1697 163 1743 plura
192 1696 435 1744 geminorum
452 1722 464 1740 ‚
503 1701 545 1730 ut
571 1693 768 1740 dicuntur,
806 1692 831 1730 S
843 1704 953 1730 ocra
965 1700 979 1729 t
992 1692 1062 1729 ico
1074 1703 1172 1739 rum

58 1766 220 1813 scripta,
248 1764 353 1801 verbi
380 1776 511 1810 causa,
541 1763 748 1801 Cebetis
776 1762 947 1810 Tabula,
976 1762 1172 1800 Aeschi-

58 1836 134 1874 nis
161 1834 324 1884 dialogi„
366 1845 487 1880 quae,
525 1835 555 1871 si
580 1834 738 1881 genuina
768 1833 871 1879 sint,
900 1834 1055 1870 muitum
1085 1844 1174 1881 pro-

57 1906 165 1943 desse
192 1904 340 1953 possint
376 1904 418 1940 ad
449 1904 745 1952 cognoscendam
777 1903 993 1941 Socratis
1033 1904 1173 1940 doctri·

58 1986 169 2013 nam:
234 1985 316 2011 nam
352 1974 404 2010 iili
444 1973 512 2009 viri
550 1985 677 2021 parum
714 1984 734 2009 a
771 1973 933 2020 magistri
976 1973 1169 2011 sententiis

58 2045 256 2084 recessisse
317 2043 491 2082 dicuntur
512 2070 525 2089 ,
590 2041 756 2088 adeoque
802 2041 838 2078 in
890 2040 1040 2089 scriptis
1092 2043 1170 2080 suis

0 2144 1 2147 η
57 2127 178 2153 veram
206 2113 416 2152 Socratis
444 2112 636 2160 imaginem
663 2109 799 2148 referre
830 2111 1051 2150 debuerunt.
1099 2113 1172 2151 Sed

0 2362 3 2474 ἔ

59 2185 106 2222 de
129 2185 187 2222 his
218 2196 370 2231 quoque
395 2183 500 2220 valde
530 2182 746 2228 dubitatur,
777 2191 867 2219 num
901 2181 945 2219 ab
980 2182 1048 2229 iis,
1078 2195 1174 2230 quo-

59 2266 140 2292 rum
176 2254 324 2292 nomina
361 2252 596 2302 praeferunt,
625 2251 840 2291 auctoribus
869 2251 1036 2300 prosecta
1078 2253 1169 2291 sint.

1065 2323 1173 2360 Prae·
