1487 2625
150 195 193 229 62
477 191 923 249 ADNO'TATIO.

146 299 255 334 verba
279 298 366 335 hacc
398 298 641 334 memorabilia
666 297 800 333 refert:
841 324 863 341 ,‚
891 296 1032 333 nullum
1063 296 1187 333 utilius
1209 307 1252 334 ac

147 387 169 402 ‚‚
198 359 322 393 melius
347 371 368 393 a
398 358 590 404 majoribus
610 358 751 398 ,nostris
784 363 1024 404 comparatum
1047 363 1100 393 est
1132 358 1252 406 (insti-

146 447 168 463 ‚‚
198 419 352 467 tutum),
393 430 500 465 quam
534 423 576 453 ut
609 418 825 453 scholarium
855 418 992 463 judicio
1018 424 1055 453 et
1078 419 1254 464 suffragiis

147 480 328 526 „singuli
362 479 522 514 doctores
546 478 592 513 ad
623 490 700 513 suas
731 478 917 512 facultates
940 479 1161 525 potissimum
1185 478 1254 512 eli-

148 567 170 583 „
198 546 339 586 gantur.
390 539 476 574 Nam
501 544 537 573 et
559 539 734 574 scholares
760 538 846 584 ipsi,
875 538 938 584 qui
963 539 1099 573 assidue
1122 539 1255 580 libera-

147 627 169 641 „
198 601 287 634 lium
311 600 440 635 artium
462 599 586 633 studiis
608 599 840 641 incumbunt,
866 599 992 633 melius
1017 610 1123 645 quam
1145 599 1257 634 ceteri

148 689 170 703 „
198 662 242 695 de
284 660 414 695 eisdem
459 660 686 695 facultatibus
731 660 863 694 sentire
897 665 933 693 et
968 659 1132 705 judicare
1173 671 1255 706 pos-

148 749 170 764 „
199 727 292 756 sunt.
321 748 330 756 .
358 748 366 756 .
395 748 403 756 .
430 721 557 766 Itaque
583 747 592 756 .
619 746 629 756 .
650 710 666 755 ⁴.
691 721 852 755 doctores
877 731 996 755 omnes
1018 720 1167 766 singulis
1190 732 1255 754 an-

147 808 169 825 „
198 782 252 815 nis
286 793 351 827 per
377 781 553 815 scholares
574 781 813 823 ballotentur,
842 786 880 814 et
905 781 1119 815 scholarium
1140 781 1255 817 ballo-

147 869 169 884 „
197 841 336 876 tationi
368 841 631 887 subjaceantss'
696 841 799 875 Anno
836 841 924 876 1571
971 841 1068 888 Juris
1109 841 1256 877 studiosi

149 890 297 937 Parisini
319 901 434 936 simile
452 902 514 948 jus
544 901 679 936 frustra
701 901 883 947 petebant.
910 901 1006 936 Sav.
1030 913 1067 948 p.
1091 901 1175 936 361.
1212 945 1215 948 Ι

166 1042 277 1088 rag.
303 1040 461 1077 adici
488 1039 693 1075 solebat.
723 1039 821 1074 Idem
843 1051 923 1086 pag.
941 1024 1019 1075 ⁷174
1042 1045 1079 1075 et
1102 1040 1186 1076 3147.

196 1176 287 1211 Ibid.
316 1176 368 1210 In
393 1174 467 1209 his
490 1180 649 1210 autem
672 1173 883 1208 libertas
907 1185 998 1209 non
1021 1179 1145 1217 erat,
1173 1186 1206 1211 e.
1226 1188 1257 1211 r.

149 1237 247 1273 Idem
271 1248 361 1283 pag:
378 1236 460 1271 351.
486 1246 561 1281 seq.
588 1235 670 1280 Pag.
698 1234 780 1269 357.
806 1233 1168 1279 flagellandimorem
1192 1239 1257 1270 a'n-

149 1299 340 1345 tiquiorem
376 1308 449 1331 esse
486 1296 607 1331 docet:
627 1295 772 1328 'verum
809 1306 914 1339 quam
946 1294 1059 1328 fuerit
1089 1295 1259 1342 frequens

150 1361 189 1394 in
222 1359 384 1404 collegiis
411 1370 454 1392 ex
480 1357 630 1392 historia
653 1355 913 1402 flagellantium
937 1362 1168 1402 pervagatum
1192 1364 1256 1393 est.

149 1422 200 1456 Cs.
225 1421 352 1467 passim
378 1418 764 1465 DerFlayellantismus
784 1417 862 1450 und
879 1417 934 1450 die
949 1417 1256 1453 Jeswitenbeichte.

149 1482 241 1516 ‘nach
254 1483 331 1515 dem
345 1479 599 1516 Italienisclien
612 1480 672 1513 des
688 1477 844 1514 Giovani
858 1477 890 1512 F
889 1484 996 1513 msta.
1022 1478 1134 1526 Leips.
1153 1479 1256 1515 1834.

197 1604 278 1649 Pag.
304 1603 338 1638 9.
387 1603 551 1638 Lovam'i.
608 1600 686 1636 Vid.
726 1600 1018 1634 Vernulaeus.
1067 1600 1257 1636 Academia

151 1663 393 1699 Lot-aniensis.
440 1662 535 1697 Libri
573 1662 642 1697 III.
680 1661 826 1695 Lovanii
865 1661 967 1695 1628.
1004 1672 1039 1707 p.
1066 1661 1111 1696 63
1136 1668 1173 1696 et
1197 1663 1255 1698 65.

152 1726 192 1758 ln
217 1724 340 1770 primis
364 1722 517 1757 Artistae
545 1733 586 1756 eo
611 1721 835 1767 gaudebant:
862 1720 933 1755 vid.
961 1721 1009 1756 id.
1034 1734 1071 1768 p.
1099 1722 1178 1759 1110.

199 1845 290 1880 Ibid.
350 1844 558 1878 Parisinam
594 1842 811 1877 imitabatur.
880 1843 923 1877 Id
959 1844 1075 1879 studio
1124 1844 1258 1880 factum

151 1919 245 1948 csse,
294 1917 366 1940 non
401 1910 556 1946 constat,
598 1903 658 1937 sed
691 1904 954 1938 constitutionis
988 1904 1182 1940 similitudo
1213 1917 1258 1941 ex

151 1968 207 2002 his
244 1978 334 2012 quae
370 1965 554 2010 Savignius
591 1964 635 1998 de
665 1965 821 1999 Parisina
850 1965 977 2007 tradit,
1019 1978 1039 2000 a
1062 1978 1140 2012 pag.
1167 1956 1253 2009 31⁴6,

152 2029 281 2062 collato
303 2025 493 2060 Vernulaei
519 2024 640 2070 Capite
661 2024 702 2059 V.
729 2025 811 2059 satis
834 2025 951 2059 redire
974 2026 1124 2061 videtur.
1176 2028 1257 2062 Col-

152 2090 245 2134 legia
269 2087 414 2122 Lovanii
440 2085 580 2120 institui
605 2090 800 2131 coeperunt
833 2097 927 2120 anno
967 2086 1075 2127 1442,
1115 2092 1152 2121 et
1187 2088 1258 2123 cito

152 2149 387 2196 pullularunt.
437 2146 565 2180 Eodem
599 2146 702 2180 modo
731 2146 844 2180 nostri
870 2147 1046 2181 Parisinae
1079 2148 1258 2182 Universi-

156 2211 237 2244 tatis
268 2209 415 2243 formam
441 2206 624 2241 adscivisse
654 2206 844 2248 dicuntur,
874 2220 979 2252 quam
1013 2214 1154 2253 praeter
1190 2209 1257 2243 Lo—

156 2271 298 2304 vanium
321 2268 473 2302 maxime
495 2266 791 2312 frequentabant:
818 2267 946 2302 imitati
971 2268 1065 2302 enim
1085 2274 1167 2303 sunt
1194 2269 1260 2304 Lo-
