1487 2625
511 215 910 260 INTRODUCTlo.
1222 237 1268 276 13

162 338 222 365 ere
244 334 397 375 coacta,
424 338 500 366 non
524 329 662 376 poterit
688 328 824 368 referre
849 337 1050 370 accuratam
1074 331 1267 381 imaginem

160 399 238 448 eJus
256 426 270 446 ‚
297 408 407 446 quem
435 398 733 447 interpretamur.

210 467 375 506 Omnino
399 467 514 515 igitur
538 467 575 506 id
600 477 655 506 est
674 470 877 518 agendum,
900 478 941 507 ut
955 498 967 517 ‚
986 478 1164 519 quantum
1185 471 1267 510 fieri

158 537 307 587 possit,
335 536 601 586 perspiciamus
617 566 630 585 ‚
658 539 848 585 quomodo
873 539 1016 587 singula
1028 538 1065 577 in
1081 539 1162 589 ipsa
1187 541 1269 580 So-

159 607 313 647 cratis
340 616 461 645 mente
482 608 682 657 conjuncta
706 617 829 646 essent
845 637 858 655 ,
897 608 986 656 quid
1018 609 1122 657 prius
1142 618 1268 660 esset,

161 676 253 726 quid
277 677 464 726 posterius
480 705 494 725 ,
522 678 619 716 unde
631 677 952 726 proficisceretur,
981 690 1057 727 quo
1070 680 1237 718 tenderet
1252 708 1266 728 ‚

157 756 195 786 et
210 756 252 785 ut
265 747 352 785 huic
365 747 417 785 rei
439 748 713 786 accommodata
739 747 789 785 sit
815 748 1020 795 argumenti
1046 748 1263 798 dispositio,

157 818 282 868 Quare
315 818 437 857 visum
474 826 559 869 est,
601 817 811 866 praemissis
846 819 1036 856 nonnullis
1062 819 1266 868 generalio-

155 887 260 926 ribus
301 888 347 926 de
380 888 575 927 Socrate
612 889 768 938 eJ’usque
792 888 1033 938 philosophia
1061 881 1262 939 universa,

156 965 289 1005 utpote
344 968 439 1005 quae
489 957 585 996 viam
632 957 677 995 ad
718 958 930 997 ulteriorem
979 958 1263 1007 inquisitionem

153 1026 327 1064 muniunt
363 1036 400 1065 et
442 1025 643 1065 faciliorem
670 1028 853 1075 reddunt,
887 1031 1054 1080 primum
1088 1041 1194 1079 agere
1217 1031 1265 1070 de

151 1095 401 1143 argumentis,
431 1097 568 1145 quibus
596 1098 818 1136 Socrates
845 1099 948 1136 Deos
969 1110 1049 1137 esse
1063 1099 1259 1149 probavit;

151 1164 281 1203 deinde
306 1166 351 1203 de
386 1165 459 1213 iis,
485 1177 594 1214 >quae
626 1166 851 1205 Socrates
889 1167 1069 1207 Divinum
1107 1170 1261 1208 Numen

150 1245 256 1281 agere
278 1235 538 1282 existimabat3
563 1247 676 1286 porro
689 1236 732 1274 de
743 1237 1036 1285 proprietatibus
1051 1266 1064 1285 ‚
1088 1237 1169 1278 sive
1186 1239 1263 1278 vir-

150 1303 323 1351 tutibus,
358 1316 449 1351 quas
484 1305 624 1343 Divino
663 1306 821 1344 Numini
848 1307 1064 1357 tribuebat3
1102 1308 1259 1362 denique

149 1384 194 1412 ex
229 1373 290 1412 his
330 1374 469 1412 efficere
505 1374 720 1422 notionem,
772 1388 881 1424 quam
924 1379 1144 1418 Socrates
1184 1380 1258 1419 sibi

147 1443 312 1482 Deorum
338 1443 574 1483 informabat.
628 1445 905 1496 Subjungemus
930 1456 1050 1487 autem
1077 1452 1258 1490 nonnulla

146 1513 193 1551 de
226 1514 364 1560 modo,
407 1526 484 1562 quo
521 1516 667 1554 colendi
703 1516 778 1554 sint
811 1517 901 1556 Dii:
942 1518 1031 1557 haec
1056 1520 1178 1568 enim,
1217 1521 1258 1560 in

146 1584 364 1631 exponenda
399 1583 619 1622 Socratis
656 1586 700 1623 de
740 1587 852 1625 rebus
885 1587 1022 1626 divinis
1058 1589 1256 1638 doctrina,

148 1651 270 1690 omitti
303 1664 459 1701 prorsus
497 1665 688 1702 nequeunt
700 1670 714 1705 3
755 1658 887 1696 etenim
922 1658 983 1696 hic
1015 1659 1054 1697 in
1079 1660 1253 1700 omnibus

145 1722 191 1760 ad
231 1722 324 1760 vitae
359 1734 466 1762 usum
504 1725 695 1774 spectabat
722 1736 758 1765 et
783 1729 828 1766 ad
855 1728 957 1777 vim,
986 1733 1094 1778 quam
1122 1731 1160 1769 in
1185 1732 1254 1770 ho-

143 1791 282 1829 minum
306 1792 447 1831 animos
470 1806 668 1843 moresque
689 1798 874 1846 regendos
891 1799 1035 1848 singula
1058 1801 1250 1842 haberenn

142 1861 288 1900 Haecce
311 1862 510 1911 dispositio
534 1876 578 1902 eo
605 1866 751 1905 videtur
774 1868 954 1917 imprimis
977 1873 1249 1921 commendari,

144 1932 248 1979 quod
271 1933 468 1973 conveniat
494 1933 566 1983 ipsi
594 1936 802 1976 Socratis
829 1938 1015 1986 cogitandi
1042 1940 1189 1980 rationi.
