1487 2625
490 185 842 226 MEDICA.
1175 196 1226 235 95

159 296 300 335 Verum
333 297 447 334 altera
477 295 511 336 ei
535 295 641 345 priva
663 304 720 334 est
743 294 928 343 facultas,
955 306 1029 343 qua
1055 293 1223 343 Sulphu-

105 374 225 405 retum
240 394 254 413 ‚
283 367 386 416 quod
407 366 616 414 formatur,
631 366 676 404 ab
690 365 867 404 omnibus
893 364 972 404 aliis
997 364 1225 414 corporibus

104 436 215 475 facile
239 436 504 486 distinguatur.
559 435 620 475 Sic
645 444 817 474 nostrum
846 425 1126 484 praeci'pitatum
1154 434 1228 473 dif-

103 506 179 546 fert
218 507 264 546 ab
301 507 396 554 illo,
438 507 543 555 quod
576 506 720 545 acidum
758 505 1143 555 hydrosulphuricum
1185 505 1226 543 in

102 578 278 626 liquore,
301 576 407 616 acido
434 576 681 625 sulphurico‚
721 575 856 614 uitrico
880 585 944 614 aut
967 575 1227 625 phosphorico

105 649 253 687 imbuto
289 648 451 696 excitat,
488 656 601 695 atque
628 657 674 685 ex
703 646 908 694 Sulphuris
943 646 1100 695 hydrate
1135 646 1228 684 sub-

104 718 220 757 tiliter
253 718 389 757 diviso*
412 715 670 766 componitur.
726 715 852 766 HuJus
885 717 982 755 enim
1010 718 1118 756 color
1148 715 1229 755 fere

107 796 165 825 est
197 787 388 834 albicans,
414 797 538 834 neque
579 786 749 835 Sulphur
782 787 821 824 in
853 787 1052 826 Ammonia
1086 787 1229 836 liquida

103 857 290 904 solvitur,
317 857 631 905 quemadmodum
667 857 759 895 illud
784 869 870 896 cum
895 857 1128 907 Sulphureto
1155 858 1229 897 Ar-

107 927 224 966 senici
252 927 359 973 fieri,
384 927 498 965 modo
525 927 704 966 vidimus.

168 997 305 1037 Differt
345 997 499 1045 insuper
542 997 815 1045 Sulphuretum
847 1006 1020 1035 nostrum
1054 996 1100 1036 ab
1134 996 1227 1045 illo,

105 1068 210 1117 quod
240 1079 286 1105 ex
318 1074 488 1116 reagente
514 1076 552 1105 et
582 1067 657 1106 sale
688 1068 848 1116 quodam
888 1069 1019 1106 Stanni
1042 1068 1231 1116 deutoxy·

46 1183 53 1189 ⁴
102 1138 141 1177 di
166 1137 313 1186 oritur3
355 1137 483 1186 prouti
510 1138 607 1175 enim
634 1138 713 1176 vidi
739 1147 972 1187 postremum
997 1139 1126 1177 colore
1149 1137 1229 1176 fere

104 1207 216 1246 fusco
244 1208 416 1246 indutum
448 1218 533 1255 est,
562 1209 629 1256 qui
649 1209 871 1248 Ammoniae
907 1219 981 1257 ope
1016 1209 1055 1246 in
1090 1208 1228 1246 obscu-

109 1278 244 1316 riorem
282 1287 461 1316 mutatur.

157 1347 298 1397 Magna
334 1358 425 1386 vero
469 1348 507 1385 in
541 1346 652 1385 initio
688 1348 869 1397 reagentis
890 1348 1024 1387 nostri
1050 1348 1229 1388 efficaciae

109 1429 196 1467 pars
242 1417 384 1456 detrahi
435 1417 632 1457 videbatur
680 1419 839 1458 Cadmio
880 1419 1057 1467 detecto,
1113 1428 1227 1468 atque

102 1499 259 1542 ⁷reagens
282 1488 410 1526 hocin
441 1490 523 1538 eJus
548 1489 776 1527 solutionem
801 1489 951 1527 eandem
976 1485 1153 1528 exserere>
1169 1501 1231 1529 ac·

105 1559 243 1597 tionem
264 1558 431 1598 invento.
476 1559 599 1597 Patuit
625 1567 747 1598 tamen
770 1559 948 1608 deinceps
973 1560 1122 1600 Cadmii
1142 1561 1230 1600 Sul-

108 1629 311 1676 phuretum
347 1630 411 1667 tali
444 1630 588 1667 ratione
616 1631 842 1678 productum
863 1630 901 1668 in
926 1631 1125 1669 Ammonia
1149 1641 1227 1670 non

109 1699 208 1737 solvi
240 1707 354 1746 atque
399 1699 466 1737 hac
509 1699 653 1738 ratione
689 1700 735 1737 ab
765 1700 952 1739 Arsenico
1003 1702 1226 1751 sulphurato

107 1767 290 1816 distingui
316 1780 432 1817 posse
463 1778 498 1807 et
537 1770 696 1820 sejungi.
751 1770 866 1820 Quod
899 1772 996 1810 idem
1032 1772 1231 1811 confirma-

108 1847 188 1876 tum
216 1838 311 1877 vidi.
363 1838 485 1877 Omne
514 1839 641 1887 itaque
663 1840 962 1889 Sulphuretum,
991 1843 1227 1893 Hydrogenii

108 1908 319 1956 sulphurati
343 1921 417 1956 ope
453 1909 734 1958 praecipitatum
752 1938 766 1957 ‚
800 1912 905 1959 quod
935 1912 1109 1951 Arsenici
1142 1914 1230 1953 Sul-

110 1978 274 2026 phureto
310 1979 459 2026 quidem
505 1987 563 2016 est
599 1979 747 2028 simile,
773 1992 901 2019 verum
943 1982 988 2019 ab
1027 1983 1228 2027 Ammonia

110 2058 186 2085 non
213 2047 374 2086 solvitur
393 2048 551 2089 Cadmio
581 2058 639 2087 est
663 2049 921 2088 tribuendum.
973 2052 1097 2101 CuJus
1123 2065 1229 2101 prae,-

109 2126 205 2156 terea
242 2119 378 2156 metalli
410 2130 494 2156 cum
527 2118 714 2166 Squhure
743 2121 961 2170 conjunctio
987 2122 1114 2160 colore
1139 2134 1228 2172 gau-

109 2189 172 2226 det
204 2188 320 2236 magis
346 2200 390 2227 ex
415 2189 500 2227 albo
529 2189 776 2239 flavescente,
803 2191 890 2245 dum
922 2203 1077 2240 quoque
1111 2205 1227 2244 prop·

112 2267 166 2295 ter
201 2259 317 2306 maJus
351 2259 431 2307 eJ'us
469 2259 616 2306 pondus
647 2258 803 2298 fundum
837 2262 958 2305 multo
983 2263 1139 2303 celerius
1163 2276 1228 2313 pe,-

1161 2335 1220 2372 tit.
