1487 2625
229 222 299 258 ιω,
450 204 1117 249 COMMENTATIO

231 328 332 366 parte
365 316 496 355 similia
527 322 728 357 nascuntur
755 314 1004 361 phaenomena
1021 339 1037 359 2
1062 313 1232 360 quamvis
1255 312 1346 351 defi-

231 389 303 428 ciat
348 386 585 425 Arsenicum.
644 384 828 430 Exemplo
875 383 948 420 sint
991 381 1134 421 acidum
1174 383 1344 421 carboni-

231 471 314 496 cum
330 486 342 503 ,
373 455 553 494 oxalicum
571 482 582 499 ,
613 453 820 491 tartaricum
839 479 852 499 ‚
868 452 1173 500 phosphorosum
1189 479 1201 498 ‚
1225 452 1343 499 phos-

228 529 453 576 phoricum,
481 526 689 570 horumque
723 524 844 568 sales,
875 521 1014 568 quibus
1043 522 1140 559 haud
1159 533 1240 558 raro
1263 533 1343 560 sca-

226 605 304 634 tent
343 598 506 642 liquores
540 593 719 641 organici.
774 593 834 630 Sic
858 591 931 629 allii
967 592 1161 629 decoctum
1185 591 1344 639 simplex

227 668 378 704 eundem
416 677 455 703 ac
488 673 707 702 venenatum
745 674 811 710 per
849 673 997 710 reagens
1044 661 1202 699 excitare
1244 669 1344 709 patet

227 736 427 781 effectum,
483 734 588 772 facile
628 733 912 781 explicandum,
972 744 1015 769 ex
1065 731 1205 771 salibus
1247 731 1344 771 acidi

224 804 466 853 phosphorici
516 815 559 841 eo
610 802 811 840 contentis.
900 801 1165 840 Confirmatam
1222 809 1342 839 tamen

222 876 297 913 vidi
349 873 637 921 Wittingii
693 872 910 910 sententiam
933 899 946 918 ‚
998 883 1082 909 cum
1137 880 1341 918 statueret,

223 945 501 993 praecipitatum
529 943 618 981 iilud
647 953 754 980 secus
789 954 829 979 ac
856 942 1010 979 arseniis
1037 941 1161 980 Calcis
1187 940 1343 978 Ammo-

224 1016 303 1052 niae
335 1015 474 1052 salibus
503 1024 581 1050 non
622 1013 720 1050 solvi
754 1013 821 1060 (1)
842 1039 853 1058 ,
884 1023 1000 1059 eaque
1033 1011 1149 1060 igitur
1182 1023 1242 1058 re,
1271 1012 1342 1049 hoc

225 1084 392 1132 dignosci
431 1093 542 1130 posse
565 1082 712 1122 abillo.

274 1154 372 1191 Idem
412 1162 560 1199 reagens
593 1161 765 1199 separare
800 1162 845 1187 ex
872 1149 1028 1187 Tartaro
1056 1149 1212 1187 emetico
1239 1160 1341 1198 prae-

224 1224 444 1271 cipitatum,
473 1221 648 1260 indicavit
680 1221 1017 1258 Hahnemann
1043 1219 1113 1268 (2)
1145 1218 1342 1258 confirma-

224 1295 278 1331 vit
323 1293 553 1340 Witting
592 1292 658 1340 (3)
685 1299 721 1328 et
773 1291 853 1337 ipse
887 1289 1094 1328 observavi.
1156 1290 1341 1328 Praeterea

222 1363 340 1401 carnis
372 1364 565 1400 decoctum
593 1362 747 1409 simplex
782 1361 840 1398 vel
868 1362 1048 1398 Arsenico
1077 1359 1338 1408 inquinatum,

223 1434 315 1472 idem
354 1433 555 1480 albumque
591 1443 674 1469 cum
715 1442 810 1478 aqua
843 1430 966 1469 Calcis
1003 1431 1175 1478 producit
1200 1431 1340 1479 praeci-

222 1505 393 1552 pitatum.
450 1502 661 1541 Differentia
696 1510 817 1539 autem
863 1510 937 1538 erat
964 1501 1119 1549 insignis
1164 1501 1202 1537 in
1237 1501 1337 1538 infu-

221 1574 327 1612 sione
363 1575 465 1611 theae
503 1581 538 1610 et
568 1572 844 1619 ichthyocollae
884 1571 1078 1618 vinoque,
1102 1581 1244 1608 veneno
1276 1580 1340 1609 aut

226 1644 377 1681 omnino
400 1653 461 1681 aut
488 1654 562 1680 non
584 1641 754 1679 imbutis.

272 1715 368 1752 Cum
395 1725 482 1750 vero
522 1723 669 1759 reagens
700 1708 945 1748 sensibilitate
986 1711 1140 1759 gaudeat
1177 1711 1332 1759 exigua,

222 1793 331 1830 atque
378 1783 413 1820 in
452 1793 590 1818 errores
627 1781 724 1818 haud
771 1791 849 1818 raro
889 1781 1022 1818 ducere
1056 1783 1200 1828 valeat,
1250 1783 1336 1820 hinc

222 1855 401 1901 insignem
442 1853 492 1889 illi
523 1852 747 1889 tribuendam
795 1862 876 1888 esse
913 1851 1103 1889 utilitatem
1140 1863 1216 1889 non
1240 1853 1339 1890 vide-

223 1935 311 1972 tin-3
352 1924 420 1961 nisi
463 1921 695 1970 reagentibus
733 1922 804 1959 fide
838 1922 951 1969 magis
990 1922 1110 1970 dignis
1153 1924 1335 1961 Arsenico

1285 1993 1341 2032 in-

264 2121 314 2157 (ι)
339 2118 669 2160 Schweigger's
697 2124 819 2153 Journ.
852 2126 894 2154 N.
933 2126 974 2155 R„
1010 2124 1167 2164 X111.p.
1189 2124 1249 2165 575
1282 2124 1339 2158 Cf.

227 2169 457 2209 Braudes,
483 2175 504 2203 Ι.
529 2185 555 2202 c.
579 2186 611 2214 p.
643 2177 710 2215 195.

266 2226 319 2259 (2)
343 2225 365 2253 Ι.
388 2237 417 2254 c.
439 2237 468 2264 p.
492 2227 562 2257 241.
585 2226 610 2258 (Ξ.
640 2229 710 2259 4Ῑῖι.

261 2277 314 2317 (5)
341 2278 360 2306 1.
385 2290 411 2308 c.
432 2291 461 2317 p.
487 2288 531 2319 17.
556 2281 606 2309 Cf.
632 2283 742 2312 Rich
761 2288 769 2312 t
786 2294 852 2312 er.
880 2284 901 2314 l.v
922 2295 950 2314 c.
