1487 2625
236 218 285 254 66
457 214 1111 255 COMMENTATIO

737 392 774 438 §-
803 405 842 439 4.

392 563 453 601 De
477 562 640 602 Divinae
667 563 850 601 Naturae
871 563 1176 614 proprietatibus.

286 720 413 770 Quum
449 721 760 769 exposuerimus,
790 731 966 768 quaenam
999 721 1101 759 Deos
1121 732 1227 770 agere
1248 722 1346 762 exis-

234 791 378 829 timaret
405 790 622 829 Socrates
638 819 652 838 ,
680 802 724 828 eo
750 790 1034 840 progredimur,
1062 799 1104 829 ut
1128 791 1346 840 videamus,

236 871 414 908 quasnam
449 859 697 909 perfectiones
723 860 802 898 sive
823 859 1067 908 proprietates
1092 861 1252 901 Divinae
1282 872 1347 901 na-

234 939 337 968 turae
364 931 555 969 tribueret.

285 1000 364 1038 Hac
394 1000 432 1038 in
469 1012 509 1038 re
545 1001 708 1039 adeunda
747 1009 836 1038 sunt
874 1011 957 1037 cum
988 1008 1231 1049 argumenta,
1262 999 1346 1049 qui-

233 1070 305 1108 bus
330 1070 555 1108 Socrates
582 1071 685 1108 Deos
715 1082 795 1108 esse
831 1070 1040 1119 probabat,
1073 1078 1150 1108 tum
1180 1069 1346 1108 Socra-

235 1140 296 1178 tis
324 1141 369 1178 de
394 1142 558 1179 Deorum
588 1140 766 1189 operibus
791 1140 1020 1187 sententiae,
1049 1151 1069 1177 a
1097 1139 1206 1177 nobis
1233 1150 1346 1187 supra

234 1210 439 1258 expositae.
503 1211 567 1248 Illa
600 1210 806 1248 necessario
844 1210 1007 1247 adeunda
1039 1218 1149 1246 sunt:
1190 1219 1272 1246 nam
1312 1207 1345 1247 si

236 1280 320 1327 quis
355 1288 567 1327 argumenta
602 1278 731 1326 affert,
768 1278 906 1325 quibus
932 1289 1014 1316 esse
1036 1278 1157 1315 Deum
1182 1277 1344 1326 probet,

233 1359 311 1385 non
341 1357 467 1396 potest
495 1359 572 1386 non
611 1348 777 1396 ipsorum
806 1348 938 1385 horum
963 1356 1263 1395 argumentorum
1289 1359 1346 1386 ra-

234 1417 336 1455 tione
377 1419 596 1465 ostendere,
641 1420 783 1466 qualem
838 1417 914 1456 sibi
963 1417 1141 1456 informet
1176 1427 1343 1456 naturam

234 1498 340 1534 eam,
378 1500 486 1535 quam
526 1488 671 1527 divinae
700 1496 850 1526 naturae
887 1489 974 1527 loco
1005 1487 1139 1535 habet,
1169 1487 1247 1534 ita,
1279 1487 1344 1536 qui

233 1566 449 1604 argumento
498 1559 614 1596 utitur
661 1572 680 1596 e
719 1558 891 1608 fortuita
940 1567 1103 1596 naturae
1141 1556 1345 1596 conditione

235 1628 348 1664 ducto
368 1657 380 1674 ,
413 1639 456 1665 eo
489 1629 573 1677 ipso
600 1629 784 1674 declarat,
817 1629 854 1665 id
890 1639 931 1665 se
955 1627 1087 1665 habere
1114 1627 1259 1665 divinae
1281 1638 1346 1665 na·

233 1706 336 1734 turae
360 1698 578 1745 proprium,
607 1699 708 1745 quod
729 1700 777 1736 sit
804 1699 966 1735 omnium
991 1709 1109 1736 rerum
1138 1709 1246 1736 causa
1267 1699 1344 1747 pri·

234 1777 291 1803 ma
314 1779 353 1804 ac
380 1767 596 1806 neccssaria.
652 1769 733 1806 Hae
764 1769 800 1805 in
829 1769 1042 1807 Socratis
1070 1768 1237 1806 doctrina
1263 1781 1342 1807 om-

233 1834 324 1872 nino
359 1845 446 1872 sunt
480 1837 749 1874 consulendae:
786 1849 867 1875 nam
902 1838 1065 1876 Deorum
1098 1839 1342 1887 proprietates

233 1903 271 1940 in
300 1904 477 1952 operibus
503 1905 666 1953 ipsorum
697 1906 892 1954 patefactas
920 1908 1117 1955 cernebat,
1142 1917 1178 1946 et
1195 1920 1341 1958 semper

234 1976 432 2023 monebat,
464 1977 507 2014 ad
542 1977 705 2014 Deorum
734 1989 843 2026 opera
873 1979 1132 2017 attendendum
1170 1990 1275 2025 esse,
1304 1987 1340 2015 et

234 2056 277 2080 ex
316 2045 373 2081 his
412 2056 538 2082 eorum
571 2056 734 2084 naturam
773 2048 1171 2098 cognoscendarum).
1240 2048 1339 2086 Hinc

233 2113 374 2151 divinas
402 2114 646 2163 proprietates
671 2127 715 2153 ex
747 2117 923 2163 operibus
956 2118 1091 2155 divinis
1119 2117 1336 2163 derivabat3

1263 2199 1339 2224 eas-

274 2265 321 2304 (ι)
348 2265 399 2294 Cf.
421 2266 516 2295 Mem.
541 2264 601 2296 lV.
629 2276 656 2297 c.
680 2266 710 2299 5.
732 2264 761 2303 ,ξι
786 2267 833 2297 13.
