1487 2625
190 201 239 237 γα
422 183 1076 224 COMMENTATIO

193 296 231 333 in
256 306 294 332 ea
320 305 396 332 non
420 293 637 340 procedere,
677 293 741 330 sed
765 292 966 330 subsistere
982 320 994 339 ‚
1036 292 1086 330 ita
1113 300 1154 329 ut
1179 302 1295 339 quum

190 365 265 413 jam
293 361 527 411 pervenerint
551 363 595 400 ad
618 362 797 411 principia
818 373 902 399 vera
924 370 959 399 et
982 361 1149 409 egregia,
1176 371 1297 398 tamen

193 434 280 471 haec
307 431 487 479 principia
506 442 582 469 non
607 433 761 469 ulterius
788 440 1082 478 persequantur,
1121 442 1189 468 nee
1209 442 1296 478 per-

192 501 338 539 veniant
376 502 421 538 ad
454 512 522 548 ea,
559 511 652 548 quae
685 513 728 538 ex
763 502 834 537 illis
874 499 1080 537 necessario
1113 500 1293 541 efficienda

191 573 292 606 sunt.
345 564 441 602 Fieri
475 565 588 613 igitur
627 565 779 602 omnino
811 564 958 612 potuit,
997 573 1039 601 ut
1073 563 1292 609 Socrates

189 643 404 682 agnosceret
430 646 470 672 v.
495 646 530 672 c.
581 636 651 672 Dei
687 636 1029 685 omnipraesentium
1047 662 1059 680 ‚
1095 644 1171 670 non
1194 632 1293 676 ¹item

188 703 262 742 Dei
298 704 633 754 spiritualitatem,
683 704 753 741 etsi
791 705 878 742 haec
916 716 960 742 ex
991 704 1053 741 illa
1083 703 1291 741 necessario

187 783 381 822 sequatur.
435 774 643 821 Adeoque,
683 775 715 811 si
753 774 818 811 illo
857 775 968 811 modo
994 774 1213 817 concludere
1235 783 1298 809 ve·

189 844 326 890 limus,
363 843 477 880 aliena
499 843 689 881 Socrati
716 844 981 892 obtrudemus3
1021 845 1123 891 quod
1153 841 1296 882 caventi

191 923 231 955 ea
261 921 404 949 tantum
446 911 582 949 referre
623 912 713 950 mihi
738 913 960 959 videbatur‚
999 924 1092 960 quae
1115 913 1194 960 ipse
1223 912 1299 949 So·

189 991 341 1023 crates
381 992 467 1030 prae
502 993 541 1019 se
571 981 736 1029 ferebat,
778 984 924 1021 omissis
963 984 1033 1032 iis,
1063 995 1183 1030 quae,
1226 981 1298 1019 etsi

188 1051 354 1097 potuerit
396 1061 432 1087 et
478 1063 497 1087 e
539 1061 666 1089 nostra
703 1054 889 1100 cogitandi
939 1056 1078 1090 ratione
1128 1053 1309 1090 debuerit.

189 1130 414 1167 agnoscere,
453 1132 528 1157 non
569 1131 686 1159 tamen
721 1132 861 1159 certum
899 1132 979 1169 est,
1019 1132 1138 1160 utrum
1172 1133 1297 1160 revera

187 1189 380 1237 agnoverit
406 1190 492 1237 (ι).
1286 1191 1289 1197 '

242 1258 338 1296 Sunt
362 1269 448 1296 sane
474 1270 637 1306 paucae,
682 1273 773 1307 quas
800 1262 1105 1299 enumerabamus
1123 1289 1136 1308 ‚
1174 1274 1193 1299 a
1220 1262 1299 1300 So-

188 1336 316 1364 crate
351 1328 508 1366 Divinae
546 1338 694 1366 naturae
730 1330 888 1369 tributae
936 1332 1208 1380 proprietates,
1261 1341 1297 1370 et

189 1396 300 1440 hodie
325 1397 361 1433 in
389 1398 528 1436 scholis
550 1399 660 1447 longe
683 1401 807 1447 plures
830 1402 1011 1438 numerari
1039 1403 1171 1445 solent,
1201 1403 1298 1441 Sunt

191 1477 330 1509 tantum
367 1479 426 1504 cae
449 1497 460 1514 ‚
498 1480 591 1514 quae
629 1470 672 1506 ad
708 1469 850 1508 modum
877 1471 1034 1521 agendi,
1067 1482 1106 1510 ut
1134 1474 1296 1520 dicitur,

1218 1554 1300 1591 per·

232 1651 281 1690 (1)
313 1651 350 1680 In
387 1651 471 1682 hunc
506 1662 648 1682 errorem
682 1654 766 1682 inter
795 1653 874 1682 alios
901 1655 1024 1693 saepius
1058 1655 1171 1685 incidit
1197 1656 1297 1687 Doct.

189 1702 228 1733 C.
255 1703 286 1732 J.
313 1704 470 1741 Brand,
496 1706 528 1733 in
555 1716 640 1743 spec.
665 1706 716 1735 lit.
741 1707 871 1746 inaug.‚
903 1707 1068 1737 exhibenti
1089 1711 1300 1749 quaestiones

187 1756 222 1789 in
247 1757 398 1785 Socratis
422 1760 622 1787 sententiam
647 1760 685 1789 de
709 1761 781 1789 Deo
805 1760 922 1799 (Lugd.
949 1762 1016 1791 Bat.
1043 1762 1155 1802 1820);
1175 1762 1296 1803 cf.p.7

186 1813 219 1838 et
244 1810 262 1840 8
279 1829 288 1845 ,
313 1810 368 1839 ubi
384 1831 393 1845 ‚
419 1812 486 1839 Dei
511 1812 673 1841 Socratici
692 1813 856 1851 propriam
882 1823 948 1842 esse
968 1817 1203 1846 aeternitatem
1215 1812 1311 1855 pro·-¹

187 1864 338 1899 baturus,
375 1861 436 1893 hoc
465 1865 634 1893 ratiocinio
659 1865 785 1895 utitur:
835 1876 852 1894 n
869 1866 906 1896 Si
930 1868 1017 1898 Deus
1037 1878 1102 1897 non
1124 1873 1171 1898 est
1191 1873 1298 1899 aeter..

186 1924 204 1943 »
219 1926 277 1945 nus
293 1937 302 1954 ‚
327 1917 380 1946 vel
400 1917 438 1945 ab
461 1917 526 1945 alio
548 1921 638 1946 extra
659 1929 691 1947 se
714 1921 868 1959 originem
892 1921 1010 1957 habet,
1033 1921 1088 1952 vel
1106 1932 1121 1951 a
1143 1933 1175 1952 se
1199 1922 1295 1961 ipso:

186 1973 393 2009 »utrumque
420 1973 524 1999 autem
549 1971 721 2001 absurdum
740 1995 748 2011 ,
783 1974 881 2014 igitur
916 1985 933 2004 e
957 1976 1127 2005 sententia
1151 1977 1298 2006 Socratis

186 2021 309 2052 »Deus
347 2027 395 2052 est
432 2023 621 2053 aeternus.''
671 2026 796 2057 Ibidem
820 2038 854 2066 p.
883 2036 935 2058 ιο.
969 2029 1074 2058 Deum
1106 2039 1122 2057 e
1143 2030 1297 2058 sententia

187 2077 385 2108 Socratis
424 2078 606 2120 ἀσώματον
640 2092 732 2118 esse,
778 2084 895 2120 prohat
929 2094 966 2113 ex
1007 2095 1070 2121 eo,
1116 2085 1201 2124 quod
1235 2084 1295 2115 hoc

184 2131 338 2161 libertati
353 2152 363 2167 ‚
399 2135 661 2173 omnipotentiae
676 2156 685 2170 ,
723 2138 933 2172 necessitati,
971 2139 1269 2178 omnipraesentiae
1285 2159 1293 2174 ,

185 2193 264 2224 quas
289 2193 395 2214 omnes
417 2187 628 2224 proprietates
652 2188 851 2218 Socrates
875 2189 945 2219 Deo
973 2190 1152 2226 tribueret,
1177 2191 1298 2229 optime

184 2242 349 2277 congruat.-
