1487 2625
520 156 868 198 Mssnrcn.
1207 173 1260 211 55

141 265 188 308 ,In
220 264 292 304 alio
328 275 418 304 vero
445 277 531 304 casu
565 267 700 304 horum
729 266 852 305 tunica
879 265 1022 305 interna
1047 268 1174 307 colore
1195 281 1258 308 ru-

143 335 213 375 bro
250 335 323 374 fuit
348 336 489 375 imbuta
515 338 601 387 (ι).

191 404 327 443 Rarius
362 405 401 444 in
435 406 622 445 cadaveris
659 406 889 446 sectionibus
923 407 1138 456 genitalium
1176 410 1254 448 lae-

139 473 264 512 siones
285 485 559 525 memorantur,
584 476 752 525 quamvis
774 478 897 525 varia,
919 489 1013 526 quae
1040 477 1080 516 in
1104 478 1163 518 his
1192 491 1256 518 or-

138 544 242 593 ganis
275 546 431 588 durante
453 546 528 585 vita
556 546 800 585 observantur
823 547 927 596 signa
942 575 956 596 ‚
986 549 1120 587 horum
1144 548 1256 589 affec-

139 615 278 654 tionem
312 615 523 654 morbosam
558 616 710 655 omnino
756 617 937 659 indicent.
1014 618 1106 657 Uno
1142 619 1251 659 etiam

135 696 227 724 casu
253 686 376 725 aderat
399 696 618 736 grangraena
645 685 714 735 (2)
730 714 744 733 ‚
771 686 844 724 alio
883 686 978 725 uteri
1010 695 1045 726 et
1078 687 1249 728 tubarum

138 755 370 805 Fallopii
396 747 636 796 inflammatio
663 757 748 805 (3).

184 825 326 865 Verum
359 827 466 866 etiam
491 826 606 865 cranii
631 837 760 866 cavum
786 837 867 865 raro
900 825 1032 875 aperiri
1059 827 1156 866 solet
1179 837 1248 865 nec

132 894 299 934 exhiberi
336 896 468 945 signa,
497 907 592 945 quae
625 895 666 935 in
700 895 852 935 cerebro
887 895 1016 935 forsan
1047 897 1247 945 aliquando

132 975 348 1006 occurrunt.
401 967 590 1006 Interdum
623 975 744 1006 tamen
770 966 891 1014 ipsius
917 966 1059 1006 cerebri
1088 974 1125 1006 et
1150 979 1252 1007 cere·

130 1035 218 1073 belli
251 1044 294 1074 ut
330 1044 367 1073 et
401 1036 695 1075 membranarum
738 1047 848 1084 vasa,
884 1035 1062 1086 sanguine
1109 1038 1249 1086 repleta

132 1102 285 1143 fuerunt
321 1105 518 1144 observata
543 1105 627 1155 (4).

184 1174 287 1212 Hacc
331 1182 447 1222 sunt,
481 1185 575 1222 quae
616 1173 758 1212 sistunt
794 1173 1022 1213 mutationes
1054 1174 1252 1215 morbosas

131 1243 348 1293 praecipuas
370 1244 407 1282 in
430 1242 583 1282 decursu
610 1243 776 1284 veneficii
808 1244 946 1292 primae
976 1243 1151 1293 speciei,
1176 1256 1250 1293 qua

130 1314 329 1352 vehemens
363 1313 496 1351 subest
527 1312 752 1351 diversarum
795 1313 1088 1352 membranarum
1120 1325 1250 1353 muco-

129 1395 253 1424 sarum
279 1383 464 1430 irritatio,
490 1394 640 1432 quaque
674 1383 748 1422 vita
775 1383 870 1421 intra
901 1395 1043 1432 paucos
1069 1384 1147 1423 dies
1174 1392 1249 1424 ter-

130 1453 261 1493 minari
288 1453 510 1502 plerumque
539 1454 652 1491 solet.

138 1540 142 1544 -
179 1523 321 1562 Verum
360 1532 401 1560 ut
436 1522 599 1571 insignes
631 1532 826 1562 occurrant
860 1530 950 1570 post
991 1530 1149 1562 mortem
1187 1535 1248 1562 or-

127 1605 306 1644 ganorum
330 1592 536 1639 laesiones,
564 1603 641 1632 non
669 1603 816 1640 semper
841 1603 938 1639 opus
976 1600 1061 1640 est,
1090 1602 1133 1631 ut
1167 1593 1244 1634 vita

126 1663 268 1702 tamdiu
295 1663 555 1712 protrahatur,
577 1663 636 1700 vel
661 1661 739 1700 dira
763 1661 823 1699 illa
845 1669 1067 1709 appareant,
1093 1662 1247 1702 homine

126 1722 301 1780 vivente,
326 1733 445 1781 signa.
498 1733 559 1771 Ex
584 1731 912 1770 observationibus
936 1731 1033 1769 enim
1066 1737 1243 1779 constat,

126 1804 260 1852 partim
291 1803 386 1840 intra
426 1813 562 1850 paucas
604 1802 715 1839 horas
752 1801 1007 1841 vehementem
1043 1801 1245 1850 aliquando

130 1873 286 1912 existere
317 1871 669 1919 inflammationem,
693 1870 824 1920 partim
848 1870 955 1908 etiam
990 1879 1242 1918 symptomata

1175 1940 1238 1980 illa

168 2017 218 2059 (1)
242 2014 457 2048 Hufeland
474 2016 533 2054 ,1.
552 2025 586 2048 e.

163 2072 216 2113 (2)
237 2068 487 2106 Bachmann,
521 2067 546 2099 1.
566 2077 597 2098 e.
628 2077 661 2107 p.
684 2066 736 2097 41.
769 2065 822 2096 Cf.
850 2064 1125 2105 christison,
1159 2067 1185 2100 1.
1206 2078 1237 2100 c.

124 2123 335 2220 P·(3?5i‘yl,
357 2177 382 2208 1.
402 2187 431 2207 c.
454 2176 482 2207 1.
503 2175 555 2206 50.
578 2174 631 2205 Cf.
653 2172 925 2211 Christison,
947 2171 1031 2204 ibid.

169 2231 217 2272 (4)
242 2230 404 2268 Henke,
429 2230 450 2261 Ι.
472 2240 500 2260 c.
528 2228 587 2260 Bd.
613 2227 661 2259 11.
683 2237 717 2267 p.
742 2226 817 2258 516.
