1487 2625
202 155 250 210 56
418 150 1084 190 COMMENTATIO

202 261 262 298 illa
296 259 477 298 dirissima
511 258 609 296 haud
643 270 723 296 raro
757 257 946 307 defuisse,
989 260 1158 307 quamvis
1186 259 1302 298 valida
1352 290 1357 294 ,

203 340 324 378 tamen
360 329 531 367 subesset
558 329 669 377 hujus
697 330 838 377 generis
865 328 1026 367 affectio.

251 401 295 440 In
317 398 574 438 observatione
590 399 932 436 Hohnbaumii
962 411 1060 438 mors
1089 400 1182 437 intra
1204 401 1308 444 5110-

202 483 260 513 ras
275 498 287 517 ‚
311 468 553 507 atrocissimis
566 468 830 517 phaenomenis
845 468 1019 507 comitata
1030 497 1042 515 ‚
1063 469 1308 518 sequebatur,

201 550 313 589 atque
351 539 472 577 omnis
502 538 763 577 intestinorum
802 547 941 576 tractus
977 548 1019 576 ut
1052 547 1089 576 et
1128 547 1314 578 mesentez.

202 611 297 648 rium
329 619 365 647 et
394 617 585 647 omentum
609 608 895 647 inflammatione
921 617 957 646 et
980 608 1169 646 nonnullis
1195 607 1233 646 in
1254 609 1313 646 lo-

202 679 257 725 eis
291 689 495 727 gangraena
532 687 634 716 erant
662 687 832 726 correpta
871 679 959 728 (1).
1028 678 1167 716 Similia
1207 678 1314 726 signa

203 748 417 792 observavit
451 749 568 786 Doct.
604 749 694 795 Pyl
723 747 762 784 in
788 758 858 786 una
878 748 1002 796 aliqua
1029 747 1211 794 historia,
1241 759 1314 796 qua

202 818 278 856 vita
312 818 407 856 intra
443 818 567 855 decem
601 818 710 855 horas
736 817 856 856 fuerat
882 818 1069 862 extincta,
1098 827 1134 856 et
1158 819 1196 856 in
1217 818 1314 866 alia,

205 898 277 934 qua
311 887 401 924 hora
424 885 469 923 ab
493 885 638 933 ingesto
663 896 806 923 veneno
825 886 930 923 tertia
956 898 1057 924 mors
1084 886 1201 928 fuerat
1228 897 1317 935 pro·

204 957 314 995 ducta
347 955 442 1005 (2);
485 955 796 1002 quemadmodum
830 955 936 993 etiam
973 955 1244 994 Sar-torius
1281 963 1318 993 et

204 1027 468 1065 Monheim
502 1025 616 1063 vitam
641 1025 734 1063 intra
759 1036 894 1072 paucas
929 1026 1039 1063 horas
1074 1024 1191 1063 fuisse
1228 1025 1318 1063 sub·

205 1097 315 1138 latam
363 1103 536 1142 narrant,
585 1103 620 1131 et
670 1094 916 1132 ventriculum
957 1104 1077 1132 tamen
1125 1094 1318 1132 intestina·

209 1177 284 1214 que
317 1173 388 1202 tam
418 1175 439 1202 a
473 1170 576 1212 parte
610 1172 756 1201 externa
786 1175 895 1211 quam
929 1163 1070 1200 interna
1101 1164 1317 1212 apparuisse

209 1236 452 1280 inflammata,
478 1245 564 1272 cum
593 1234 801 1270 membrana
828 1232 1021 1270 ventriculi
1042 1244 1194 1281 mucosa
1229 1232 1318 1270 faci·

210 1307 246 1343 le
271 1316 291 1342 a
322 1303 485 1342 cel-lulari
522 1304 706 1341 secederet
731 1301 817 1351 (3).

261 1373 325 1412 Ab
369 1374 479 1411 altera
518 1373 624 1410 etiam
663 1381 790 1420 parte,
844 1373 1014 1420 quamvis
1064 1374 1318 1421 phaenomena

212 1444 368 1482 durante
398 1442 472 1479 vita
505 1441 629 1479 indole
661 1442 859 1490 aliquando
891 1442 967 1480 sint
989 1442 1150 1490 leviora,
1178 1442 1318 1490 gravis-

212 1513 325 1550 simae
348 1520 467 1550 tamen
496 1519 585 1559 post
624 1518 778 1550 mortem
807 1512 904 1549 haud
938 1523 1018 1549 raro
1049 1521 1224 1560 apparent
1248 1513 1320 1550 lae-

210 1582 353 1620 siones.
431 1581 474 1618 In
503 1582 639 1630 Juvene
675 1580 798 1628 eni-m,
848 1582 955 1630 cujus
999 1582 1185 1620 historiam
1223 1584 1324 1631 apud-

213 1649 388 1702 Henke
436 1649 597 1697 legitur,
659 1661 845 1697 quamque
884 1662 995 1699 supra
1036 1652 1320 1690 memoravimus

215 1721 277 1769 (§.
304 1731 342 1768 4.
371 1731 411 1767 p.
442 1718 538 1766 αι),
578 1718 650 1757 vita
680 1718 774 1756 intra
805 1730 828 1767 5
862 1721 970 1758 horas
1012 1721 1320 1770 extinguebatur,

213 1801 325 1836 cum,
375 1788 547 1835 quamvis
587 1788 709 1825 omnia
750 1787 827 1828 fere
867 1790 1064 1828 deficerent
1110 1792 1327 1832 irritationis.

216 1867 491 1907 symptomata,
546 1858 775 1895 ventriculus
815 1868 933 1898 tamen
965 1869 1000 1899 et
1039 1873 1122 1910 pars
1161 1862 1324 1900 duodeni⁴

215 1928 500 1980 inflammatione
535 1939 659 1967 essent
694 1929 852 1979 affecta,
879 1932 1161 1980 membranaque
1189 1932 1325 1970 ventri-

1244 2003 1322 2042 culi

259 2110 307 2152 (1)
331 2110 355 2141 l.
378 2121 406 2141 c.
436 2121 468 2149 p.
492 2111 562 2142 514.

260 2164 307 2204 (2)
332 2164 354 2192 Ι.
380 2174 408 2193 c.
435 2164 462 2193 1.
487 2164 539 2194 53.
566 2163 607 2194 V.
632 2175 704 2205 ¹⁰7·
732 2165 785 2196 Cf.
807 2165 1052 2196 Christison
1072 2189 1080 2205 ,
1104 2167 1127 2198 Ι.
1149 2178 1177 2198 c.
1199 2178 1232 2207 Ρ.
1254 2167 1324 2200 342.

261 2217 307 2257 (5)
331 2217 352 2256 ly.
379 2228 411 2257 eq
434 2227 465 2255 p.
495 2227 554 2256 ιο,
585 2228 642 2256 12,
672 2218 731 2256 25,
759 2219 808 2250 26.
1023 2215 1025 2217 ¹
