1487 2625
191 213 242 259 96
419 214 1076 259 COMMENTATIO

193 331 275 357 nem
335 321 406 369 jam
448 322 512 360 diu
557 325 744 371 explosam
800 326 1091 366 Moralistarum
1141 341 1296 378 eorum,

195 389 258 435 qui
289 400 362 426 uno
393 391 595 438 eodemque
622 394 706 430 loco
733 394 894 442 habent,
936 406 972 434 et
1005 398 1110 445 juxta
1136 411 1176 436 se
1201 400 1297 438 invi-

191 470 269 495 cem
300 467 447 506 ponunt
484 462 597 510 officia
628 475 719 511 erga
757 464 877 501 Deum
915 474 950 502 et
975 467 1087 516 officia
1113 480 1204 518 erga
1229 470 1292 508 ho-

177 522 332 574 mines,
372 528 421 565 ita
460 538 500 566 ut
538 531 691 568 alterum
728 533 931 571 officiorum
959 547 1074 583 genus
1107 549 1151 575 ex
1175 539 1290 577 altero

189 606 266 632 non
298 597 480 643 pendeat:
521 610 596 645 quo
637 601 718 648 ipso
752 603 823 649 fit,
862 613 902 641 ut
936 616 994 642 res
1037 607 1184 644 moralis
1206 619 1226 645 a
1255 620 1294 647 re

189 665 359 713 religiosa
398 667 618 716 divellatur,
659 671 878 719 gravissimo
910 676 1104 723 utriusque
1127 676 1292 725 damno,

191 744 226 772 et
268 745 422 784 utraque
462 737 537 775 fere
563 749 722 786 ponatur
747 740 783 779 in
806 743 1045 782 observandis
1071 745 1289 793 quibusdam

189 804 394 844 officiorum
427 810 649 857 praeceptis.

688 992 724 1038 §-
757 1006 792 1040 7·

237 1131 433 1180 Judicium
464 1130 507 1168 de
540 1134 712 1181 universa
738 1132 904 1170 Socratis
930 1131 1126 1182 doctrina,·
1157 1147 1239 1172 con-

273 1201 445 1247 junctio,
483 1213 577 1249 quae
615 1203 656 1237 in
688 1214 730 1238 ea
766 1210 817 1239 cst
850 1201 1007 1239 homines
1032 1204 1132 1240 inter
1156 1212 1192 1240 et

380 1280 557 1308 naturam
586 1270 778 1308 Divinam.
807 1293 857 1299 —
889 1271 1091 1308 Conclusio.

233 1443 310 1492 Jam
337 1443 375 1480 in
399 1443 554 1491 singulis
584 1441 800 1479 Socratis
828 1441 872 1478 de
898 1440 1008 1478 rebus
1031 1440 1179 1479 Divinis
1204 1452 1288 1479 sen-

187 1512 311 1549 tentiis
339 1512 523 1558 diximus,
564 1512 654 1559 quid
692 1512 736 1548 de
769 1510 815 1548 iis
845 1510 1077 1559 judicandum
1107 1510 1285 1550 videatur.

187 1583 411 1620 Constanter
450 1592 570 1618 autem
612 1582 819 1617 invenimus
859 1579 1131 1628 simplicitatem
1168 1589 1203 1618 et
1226 1591 1289 1618 so·

186 1651 397 1697 brietatem,
445 1664 526 1689 cum
573 1651 609 1688 in
649 1650 758 1688 rebus
797 1650 913 1698 ipsis,
964 1661 1056 1697 quas
1090 1650 1287 1697 tractavit,

184 1721 375 1769 negligens
413 1721 532 1758 omnia
564 1722 609 1757 ad
646 1721 762 1768 ipsam
800 1721 963 1758 Deorum
989 1722 1178 1758 essentiam
1207 1733 1288 1769 per-

184 1792 336 1830 tinentia
354 1819 366 1838 ,
407 1802 442 1828 et
481 1791 517 1827 in
544 1802 583 1827 ea
605 1791 715 1827 modo
741 1789 931 1837 inquirens
949 1817 961 1835 ‚
1002 1800 1096 1837 quae
1123 1791 1286 1828 Deorum

188 1872 376 1907 naturam,
415 1869 596 1907 quatenus
618 1858 809 1896 nobiscum
832 1860 957 1907 Juncta
982 1867 1055 1905 est,
1088 1868 1284 1908 spectant3

186 1943 264 1970 tum
302 1933 338 1969 in
371 1930 514 1976 forma,
553 1941 625 1977 qua
665 1940 724 1966 eas
763 1928 991 1977 proposuit,
1029 1939 1105 1966 non
1138 1930 1285 1967 scholae

189 2002 255 2039 sed
279 2002 394 2046 vitae,
425 2010 502 2036 non
529 1999 647 2036 doctis
674 1998 811 2044 modo,
847 1999 910 2035 sed
936 1997 1106 2035 omnibus
1129 1999 1287 2036 homini-

187 2070 258 2109 bus
282 2078 379 2118 apta.
432 2069 545 2118 Quod
569 2068 801 2104 tribuendum
829 2067 985 2112 studio,
1022 2078 1097 2114 quo
1125 2068 1287 2105 Socra-

190 2149 260 2178 tes
285 2139 466 2177 ferebatur
487 2149 651 2182 summo,
695 2147 737 2174 ut
760 2137 948 2174 hominum
984 2136 1173 2174 utilitatem
1201 2147 1284 2173 cum

188 2211 364 2258 ‚privatam
402 2218 502 2245 ,tum
551 2206 735 2254 publicam
801 2214 1034 2252 promoveret
1057 2233 1070 2252 ‚
1117 2214 1152 2242 et
1192 2205 1286 2242 vitae

192 2278 432 2324 societatique
476 2279 651 2314 humanae
695 2276 900 2323 prodesset.
979 2276 1038 2313 Ex
1083 2287 1157 2321 quo
1201 2274 1285 2322 ipso

1226 2356 1285 2391 ΡΞ·
